3092 4942
1235 598 1241 606 ·
1319 598 1384 611 --
1423 571 1493 624 ⁴55
1535 599 1599 609 —

490 783 497 791 .
571 717 816 793 Liceat
850 719 1161 793 breviter
1199 745 1766 822 commemorare
1817 746 1985 818 quae
2035 747 2249 818 supra
2287 721 2480 793 dicta

445 857 652 918 sunt.
711 844 896 917 Cum
974 849 1456 941 personae‘in
1511 844 1847 943 AEscbyli
1919 844 2186 918 fabulis
2251 844 2479 919 multo
2559 835 2562 837 ’

452 971 728 1050 minus,
774 969 967 1066 quod
1000 970 1092 1042 ad
1133 973 1488 1044 musicam
1563 974 1852 1057 attinet,
1916 969 2208 1043 valeant
2258 995 2477 1067 quam

445 1090 841 1178 choreutae,
910 1119 1170 1168 omnes
1240 1093 1396 1183 {ere
1428 1093 1888 1168 dochmiacae
1965 1094 2479 1192 periodi'quae

451 1218 644 1315 apud
712 1243 878 1290 eum
924 1217 1285 1315 leguntur*
1349 1233 1715 1291 canuntur
1782 1197 1825 1290 a
1875 1216 2273 1292 choreutis.
2328 1220 2479 1292 -Nil

452 1347 928 1444 ergossmirum
969 1357 1079 1416 est
1119 1348 1177 1415 si
1219 1343 1694 1440 eae‘periodi,
1761 1363 2188 1441 quanquam
2258 1345 2477 1416 doch-

451 1474 697 1544 miaca
730 1481 959 1540 metra
999 1467 1446 1564 simpliciora
1488 1471 1564 1539 in
1606 1467 1759 1540 dies
1799 1467 1991 1540 facta
2048 1482 2234 1551 sunt,
2309 1473 2483 1566 pris·

448 1595 696 1668 tinam.
757 1594 828 1665 id
897 1609 1006 1666 est
1075 1593 1560 1666 orchesticam
1637 1598 1943 1667 tormam
2002 1595 2471 1682 retinuerunt,

446 1732 523 1792 et
588 1721 646 1793 si
679 1709 960 1816 periodi¹
998 1744 1159 1790 vere
1229 1718 1624 1815 simpliceS,
1691 1744 1838 1790 non
1901 1718 2282 1814 cujuslibet
2323 1731 2478 1790 tan-

454 1859 603 1917 tum
675 1842 899 1923 metri,
979 1843 1105 1915 sed
1168 1844 1581 1915 dochmiaci
1646 1845 1867 1943 ctiam
1929 1844 2121 1940 apud
2164 1869 2328 1916 eum
2362 1867 2479 1917 ra·

451 1973 600 2041 rius
624 1967 1117 2041 inveniuntur.

657 2491 732 2540 2.
805 2453 921 2542 Di:
963 2491 1408 2570 DOCHMIACA
1455 2478 1777 2542 Pssaiooo
1822 2464 2285 2542 SOPHOCLEA'

561 2861 1294 2959 Sophoclesquoque
1334 2862 1739 2932 trimetrum·
1776 2871 1902 2930 aut
1956 2873 2483 2955 pentametrum

457 2986 972 3060 dochmiacurn
1061 2984 1422 3073 adhibuit,
1475 2983 1901 3079 plerumque
1960 2987 2033 3054 in
2102 2984 2489 3058 Choreuta—

465 3138 617 3186 rum
661 3115 994 3200 canticis,
1041 3133 1578 3206 nonnunquam
1624 3112 1700 3180 in
1744 3093 2214 3204 personarum
2259 3114 2489 3183 canti·
2544 3200 2550 3206 ἢ

465 3238 685 3310 lenis.
778 3236 1060 3307 Tamen
1102 3293 1116 3322 ,
1234 3257 1660 3332 quanquam
1769 3231 2191 3329 Sophocles
2276 3261 2488 3308 novae

469 3366 758 3434 musicae
797 3383 1046 3455 parum
1089 3360 1457 3430 studiosus
1522 3355 1679 3442 fuit,
1730 3371 1825 3444 et,
1883 3355 2077 3454 quod
2124 3357 2215 3428 ad
2260 3364 2493 3432 musi-

465 3510 629 3558 cam
709 3488 988 3570 attinet,
1087 3480 1444 3578 AEschylo
1521 3486 1810 3579 propior
1895 3482 2177 3554 videtur
2269 3510 2490 3580 quam

469 3607 818 3706 Euripidi,
905 3611 980 3678 in
1023 3606 1462 3706 quibusdam
1505 3606 1662 3703 ejus
1731 3605 2019 3693 fabulis,
2096 3632 2280 3704 quas
2356 3609 2493 3681 sub

473 3734 689 3806 finem
721 3736 884 3806 vitae
915 3706 1346 3828 composuit,
1399 3731 1763 3827 Euripidis
1806 3734 2203 3823 auctoritas
2226 3737 2490 3804 nonni-

469 3858 569 3930 hil
641 3856 865 3930 valuit
907 3891 921 3947 3
970 3856 1448 3954 quamobrem
1522 3855 1931 3952 complures
2008 3857 2283 3953 periodi
2345 3857 2490 3954 jam

469 3986 661 4078 apud
733 3981 1175 4078 Sophoclem
1243 3979 1728 4076 simpliciores
1820 3993 2232 4054 evaserunt.
2302 3981 2494 4056 Sunt

473 4110 826 4202 imprimis
859 4104 1168 4178 notandi
1204 4105 1280 4176 hi
1322 4119 1586 4177 cantus
1634 4140 1646 4177 :
2427 4108 2431 4111 ’
