3092 4942
1307 580 1588 635 ..13—

424 757 515 804 ex
551 756 639 803 eo
662 729 790 807 ‚die
830 756 978 828 quo
1027 730 1421 828 Polynices
1455 743 1835 826 paternam
1902 729 2199 803 domum
2246 730 2456 802 relin-

430 881 649 953 quere
726 868 834 927 est
890 859 1193 928 coactus
1263 859 1422 951 ipsa
1506 879 1732 950 passa·
1784 870 1927 953 est,
1999 859 2075 925 in
2137 869 2455 926 mentem

430 992 857 1053 succurrunt
906 1011 920 1069 ;
998 1004 1239 1076 neque
1308 979 1628 1051 lacrimis
1664 979 1808 1074 jam
1844 991 2218 1074 temperat,
2292 1005 2454 1051 cum

431 1106 764 1176 meminit
799 1103 1135 1200 juvenem
1176 1106 1633 1203 peregrinam
1665 1127 1963 1183 uxorem
1994 1103 2311 1190 duxisse,
2381 1128 2481 1175 se.

428 1242 668 1302 autem
749 1252 899 1300 non
971 1231 1296 1324 potuisse
1387 1254 1427 1298 e
1497 1227 1850 1324 majorum
1929 1225 2458 1299 consuetudine

433 1342 834 1450 nuptialem
864 1352 1128 1424 taedam
1171 1350 1324 1424 filio
1366 1377 1498 1425 suo
1543 1348 2022 1424 inflammare.
2098 1353 2223 1424 Est
2255 1354 2458 1423 enim

435 1479 845 1563 notandum
911 1504 998 1552 ea
1061 1499 1457 1568 commata,
1525 1483 1601 1551 in
1678 1479 1945 1576 quibus
2011 1493 2229 1579 poeta
2295 1479 2459 1551 illos

432 1618 720 1678 maestos
759 1606 1094 1702 Jocastes
1145 1610 1384 1676 motus
1440 1603 1856 1701 explicavit,
1935 1621 2159 1677 metro
2227 1604 2461 1676 doch—

325 1803 328 1806 .
430 1734 688 1817 miaCO,
802 1727 1184 1827 plerasque
1282 1742 1527 1801 autem
1614 1729 1949 1826 periodos
2048 1733 2124 1801 in
2195 1729 2460 1827 quibus

432 1853 697 1927 laetitia
737 1851 1163 1948 exprimitur
1219 1852 1599 1925 trochaico
1654 1867 1907 1940 metro,
1956 1853 2317 1926 velociore
2390 1867 2460 1925 et
2554 1878 2558 1883 ’

326 2021 333 2027 ·
430 1977 723 2066 leviore,
769 2003 928 2051 esse
954 1983 1281 2075 scriptas.

454 2140 457 2143 “
530 2102 844 2190 Tamen,
892 2126 1316 2199 quanquam
1362 2106 1438 2173 in
1473 2102 1602 2174 illa
1662 2103 2011 2175 monodia
2064 2115 2136 2175 et
2169 2107 2242 2174 in
2285 2128 2463 2175 non-

433 2226 655 2301 nullis
694 2226 860 2299 aliis
896 2227 1260 2314 cantibuS,
1329 2251 1517 2324 quos
1588 2227 1896 2323 proferre
1961 2228 2264 2323 longum
2324 2242 2451 2312 est,

432 2351 846 2427 dochmiaci
917 2375 1164 2423 versus
1234 2348 1454 2422 talem
1510 2338 1867 2423 rationem
1935 2349 2232 2424 reddere
2263 2351 2460 2438 licet,

434 2474 772 2550 nonnulli
832 2466 1002 2549 sunt
1077 2480 1152 2546 in
1218 2474 1486 2575 quibus
1557 2475 1816 2549 laetitia
1884 2479 2075 2549 inest
2134 2500 2328 2547 mera
2393 2492 2500 2555 et,

433 2601 748 2701 sincera.
792 2597 1218 2696 Cujusrnodi
1253 2612 1384 2687 est,
1426 2614 1503 2672 ut
1537 2597 1610 2670 id
1648 2599 2058 2696 exemplum
2079 2598 2457 2696 proferam,

434 2728 628 2823 prior
646 2749 812 2820 pars
853 2723 1200 2819 amoebaei
1243 2728 1431 2796 inter
1471 2723 1823 2796 Creusam
1883 2739 1953 2797 et
1987 2725 2236 2796 Ionem
2279 2749 2468 2797 can-

433 2853 551 2921 tus
587 2859 632 2937 ¹,
682 2852 855 2921 item
918 2851 1106 2921 inter
1185 2826 1524 2922 Orestem
1602 2860 1676 2920 et
1735 2847 2263 2944 iphigeniam¹,
2331 2853 2467 2922 etsi

435 2973 821 3046 nonnullae
864 2986 1143 3045 moestae
1211 2972 1492 3070 periodi
1557 2975 1671 3058 iis,
1719 2998 1890 3070 quae
1932 2972 2260 3046 laetitiam
2336 2999 2470 3045 ex-

434 3100 785 3197 primunt,
848 3096 1206 3170 immixtae
1273 3110 1467 3171 sunt.
1568 3097 1835 3170 Nonne
1908 3097 1966 3170 ii⁴
2025 3123 2318 3197 quoque
2395 3098 2469 3169 in

435 3224 689 3297 ordine
721 3221 1228 3295 dochmiorum
1272 3215 1611 3295 laetorum
1653 3223 1974 3320 ponendi
2044 3237 2215 3296 sunt
2284 3248 2488 3321 quos¹

439 3345 732 3420 Helena
799 3349 1002 3418 canit
1070 3371 1236 3419 cum
1334 3346 1722 3419 Menelaus
1761 3346 1860 3420 ei
1932 3359 2196 3444 praeter
2269 3372 2469 3445 spem

435 3470 762 3545 redditus
791 3485 898 3543 est
937 3472 971 3543 ἶ)
1004 3472 1087 3544 Ιῃ
1149 3497 1238 3543 eo
1305 3471 1460 3568 ipso
1520 3485 1744 3544 cantu
1786 3471 2089 3544 dubium
2161 3499 2310 3544 non
2364 3485 2474 3545 est

435 3598 616 3695 quin
650 3595 1034 3670 nonnullae
1072 3595 1361 3693 periodi,
1395 3609 1725 3669 maestam
1792 3596 2170 3695 quandam
2233 3622 2466 3670 recor-

436 3720 817 3803 dationem
890 3724 1322 3818 exprimant,
1374 3723 1501 3793 sed
1560 3721 1823 3794 laetitia
1884 3721 2187 3794 Helenae
2247 3721 2477 3819 major

437 3828 548 3920 est
608 3871 827 3944 quam
891 3844 1208 3934 tristitia,
1273 3860 1343 3918 et
1406 3849 1559 3942 ipse
1582 3844 1992 3934 MenelauS,
2040 3872 2471 3944 quanquam

499 4059 521 4089 ²
548 4056 829 4122 14394509.

456 4200 463 4217 <
504 4137 526 4168 ⁸
551 4136 622 4187 In
647 4136 960 4204 Iphigeniae
995 4137 1274 4200 Tau-ricae,
1298 4138 1524 4202 827·899,
