3092 4942
1323 599 1610 655 -59....

432 751 655 822 etiam
730 774 818 828 ea
860 846 867 857 ¹
907 775 981 821 re
1060 749 1254 847 quod
1320 748 1544 846 pedes
1615 747 1853 822 minus
1918 751 2072 846 puri
2152 747 2468 821 fiebant.

433 874 774 971 Namque
805 876 868 947 si
898 873 1050 946 fieri
1092 887 1330 972 potest
1358 887 1437 946 ut
1473 887 1801 959 ,metrum
1871 871 2270 946 iambicum
2336 887 2466 947 aut

427 997 880 1072 trochaicum
945 1015 1072 1071 aut
1138 997 1693 1095 logaoedicum,
1797 1022 2226 1095 quanquam
2293 996 2461 1070 cola

432 1121 937 1220 magnitudine
978 1126 1287 1283 imparia
1316 1135 1516 1210 sunt,
1553 1126 1740 1199 satis
1780 1121 2089 1220 simplex
2140 1125 2257 1210 sit,
2299 1147 2472 1233 curn

429 1272 690 1320 omnes
745 1261 870 1320 aut
930 1245 1256 1344 plerique
1323 1246 1547 1345 pedes
1616 1245 1929 1320 eandem
1975 1245 2281 1319 formam
2367 1227 2469 1319 ut

431 1367 694 1442 saltem
753 1370 1022 1443 formas
1080 1396 1229 1444 non
1298 1375 1619 1444 omnino
1686 1375 1873 1443 inter
1934 1396 2010 1444 se
2077 1370 2482 1444 dissimiles

431 1492 793 1580 habeant,
827 1494 1043 1567 facile
1085 1495 1537 1593 intellegitur
1579 1493 1802 1593 longe
1832 1494 2042 1569 aliter
2081 1513 2262 1581 esse,
2304 1521 2465 1568 cum

430 1619 816 1711 sinceritas
877 1619 1345 1693 rationalium
1413 1619 1704 1717 pedum.
1748 1620 2057 1693 multum
2122 1635 2459 1706 mutetur,

430 1747 825 1840 praesertim
902 1748 961 1821 si
1045 1748 1111 1817 ei
1192 1744 1410 1842 pedes
1479 1748 1722 1818 minus
1790 1744 2159 1841 simplices
2237 1730 2466 1843 quam:

433 1868 737 1941 iambici
779 1880 903 1942 aut
936 1868 1291 1942 trochaici
1323 1868 1490 1958 sint,
1553 1887 1848 1968 paeones
1887 1868 2204 1969 scilicet,
2278 1873 2465 1966 quin

384 1996 679 2126 ‚setiam
738 1968 1092 2071 dochmii.
1146 1994 1622 2109 Quapropter
1684 1994 2143 2107 dochmiacaej
2195 1993 2470 2092 periodi

460 2142 668 2193 orma
716 2117 952 2192 multo
980 2096 1419 2217 simpliciore
1469 2123 1902 2195 exstiterunt
1949 2102 2170 2218 quam
2215 2119 2481 2192 iambi·-

434 2269 539 2317 cae
581 2258 716 2318 aut
754 2245 1218 2343 logaoedicae‚
1292 2257 1363 2318 et
1401 2244 1771 2341 simplices
1812 2243 1963 2318 illae
2020 2243 2249 2318 multo
2305 2261 2474 2317 ante

447 2392 670 2468 quam
703 2382 965 2444 ceterae
986 2368 1588 2468 periodi'effectae
1611 2383 1808 2442 sunt.
1849 2370 2040 2463 Quae
2065 2384 2174 2442 est
2217 2375 2475 2451 metri-

432 2519 683 2569 corum
728 2498 1166 2593 scriptorum
1207 2492 1576 2568 sententia
1607 2519 1776 2567 cum
1808 2480 2061 2599 dicunt
2084 2492 2469 2567 dochmios

432 2618 528 2692 ad
569 2618 954 2693 efficienda
983 2620 1291 2707 dimetra
1346 2617 1673 2693 membra
1704 2633 1827 2693 aut
1858 2634 2276 2691 tetrametra
2322 2617 2467 2716 ple-

402 2722 736 2841 rumque
806 2743 1191 2817 adhiberi¹
1211 2800 1227 2832 ,
1310 2767 1468 2816 raro
1537 2754 1783 2816 autern
1843 2743 1936 2815 ad
1979 2746 2306 2816 trimetra
2348 2758 2477 2817 aut

429 2883 909 2966 pentametra.
959 2869 1363 2965 Postquam
1389 2866 1871 2945 resolutiones
1910 2867 2319 2941 crebriores
2350 2869 2478 2943 fie·
2453 2914 2488 2928 ψ

432 2992 633 3082 bant,
693 3008 931 3089 poetae
958 2996 1216 3090 tragici
1283 2991 1511 3067 multo
1553 2991 1911 3065 libentius
1973 2992 2478 3069 adhibuerunt

435 3118 820 3225 dimetrum
862 3142 1083 3216 quam
1142 3115 1524 3216 quodlibet
1563 3115 1763 3191 aliud
1807 3106 2239 3207 membrum,
2279 3116 2477 3191 adeo
2581 3166 2584 3169 -

434 3258 510 3315 ut
537 3240 686 3339 jam
714 3267 758 3315 a
798 3241 1191 3339 Sophoclis
1210 3255 1431 3316 aetate
1470 3240 1655 3315 illud
1696 3241 1925 3342 longe
1948 3245 2215 3317 ceteris
2257 3267 2473 3340 praes·

436 3371 690 3440 titerit.

535 3491 1105 3567 percenseamus
1145 3496 1365 3590 igitur
1405 3489 1800 3567 nonnullas
1841 3490 2176 3589 AEschyli
2220 3502 2288 3571 et
2323 3490 2500 3564 50-Δ

435 3614 733 3716 phoclis
758 3630 830 3691 et
863 3614 1238 3714 Euripidis
1267 3615 1750 3706 dochmiacas
1788 3617 2151 3713 periodOS,
2210 3613 2480 3689 deinde

432 3739 846 3815 videbimus
866 3739 1360 3838 rhythmicam
1385 3718 1972 3838 simplicitatem,
2012 3756 2174 3838 quae
2246 3765 2477 3837 usque

438 3865 533 3938 ad
576 3868 1014 3939 novissimos
1054 3867 1293 3963 quinti
1347 3864 1628 3939 saeculi
1645 3889 1882 3938 annos
1947 3867 2023 3937 in
2055 3863 2210 3938 dies
2242 3863 2476 3963 major

434 3991 634 4065 facta
671 4008 815 4078 est‚-
835 3990 1028 4088 apud
1071 3989 1490 4088 Euripidem
1525 3991 1921 4062 maximam
1963 3987 2316 4062 evasisse.

485 4176 517 4223 ⁵⁴
544 4192 615 4245 V.
639 4193 719 4243 W
722 4193 971 4260 estphal‚
998 4190 1211 4245 Men-ik
1238 4208 1287 4254 2,
1321 4208 1384 4259 p.
1421 4178 1644 4256 774012
1668 4193 1935 4255 Gevaert,
1954 4182 2045 4259 ορ.
2065 4179 2176 4244 cit.x
2200 4178 2340 4258 n'ffp.
2362 4182 2486 4243 226.

180 4652 193 4677 ι
214 4648 223 4659 ·
254 4636 277 4663 ·'
636 4626 645 4631 ⁷

72 4696 111 4723 ι.
154 4696 195 4725 ⁸.
352 4680 361 4691 ⁶

82 4748 121 4797 h'·
144 4702 279 4894 ἤῑ
300 4768 311 4779 .
330 4732 367 4773 ‘'-

338 4786 399 4797 μ·
655 4784 660 4791 '

506 4820 543 4859 '2
649 4848 656 4855 μ
