3092 4942
1333 655 1615 710 ...17-

470 785 836 902 3'91-518.
881 809 960 879 ln
1018 805 1396 879 nonnullis
1443 806 1751 878 canticis
1798 833 1962 903 quae
1999 820 2167 879 sunt
2196 807 2392 912 chori
2435 818 2507 878 et
2588 903 2594 908 ν
2705 795 2712 801 “

473 936 690 1005 unius
707 931 817 1003 vel
859 930 1163 1004 duarum
1188 944 1659 1027 personarum
1693 930 1957 1002 chorus
1987 957 2243 1004 omnes
2283 931 2503 1003 doch-

471 1059 658 1128 mios
684 1071 809 1128 aut
837 1053 1097 1128 saltem
1139 1054 1482 1151 majorem
1516 1054 2021 1129 dochmiorum
2054 1072 2329 1152 partem
2364 1064 2502 1157 cass-
2617 1118 2624 1135 ,

475 1185 585 1253 nit
630 1215 645 1252 :
692 1179 885 1254 velut
949 1183 1024 1251 in
1063 1179 1329 1279 Ajacz's
1361 1168 1714 1275 879-960‚
1786 1184 1861 1252 in
1929 1179 2207 1277 OEdz'pz‘
2259 1180 2500 1278 Regis

468 1305 827 1402 647-667,
881 1308 956 1376 in
999 1302 1276 1402 OEdz‘pi
1314 1304 1620 1377 Colonez'
1657 1305 2003 1397 833ι886,
2052 1320 2494 1400 1447-1499;

474 1430 790 1503 Verum
777 1455 853 1500 in
874 1427 1140 1527 Ajaczs
1159 1429 1335 1521 348
1312 1448 1508 1523 -427,
1540 1454 1617 1499 m
1637 1426 2030 1525 Antzgonoe
2071 1429 2279 1500 1261-
2256 1448 2503 1525 -‚1247

476 1557 551 1625 in
624 1554 944 1626 Electroe
1019 1553 1463 1646 1232-1286,
1542 1557 1619 1623 in
1689 1551 1965 1650 OEdz'pz
2003 1551 2240 1652 Regzs
2294 1565 2508 1646 ¹313ss
2558 1651 2561 1654 ἡ

378 1754 387 1761 ,
486 1654 688 1771 1368,
720 1702 976 1750 omnes
1009 1676 1332 1750 dochmii
1366 1700 1409 1748 a
1440 1702 1754 1773 persona
1784 1690 2177 1766 canuntur.
2226 1679 2332 1750 Ex
2364 1700 2511 1775 quo

472 1801 821 1902 colligere
879 1802 1057 1875 licet
1135 1801 1608 1898 Sophoclem,
1683 1818 2109 1900 quanquam
2189 1806 2265 1873 in
2307 1813 2511 1875 sum'-

476 1952 693 2016 marn,
743 1928 936 2024 quod
992 1927 1086 1998 ad
1130 1930 1485 2000 musicam
1546 1931 1831 2014 attinet,
1910 1927 2271 2024 AEschylo
2312 1931 2511 1999 sirni-

402 2084 405 2085 ἢ
468 2050 614 2124 lior
652 2065 762 2125 est
815 2078 1035 2181 quani
1089 2050 1361 2149 aequali
1403 2051 1756 2149 Euripidi,
1826 2066 2075 2123 tamen
2118 2051 2304 2124 adeo
2350 2076 2514 2123 ma-

475 2201 665 2273 gnas
701 2180 927 2248 actori
971 2174 1265 2248 Scenico
1306 2189 1550 2272 partes
1579 2175 1917 2248 tribuisse
1931 2176 2210 2272 ,utjam
2240 2176 2333 2246 ab
2356 2175 2509 2271 ejus

476 2298 693 2373 aetate
722 2304 1033 2398 prospici
1062 2304 1374 2396 potuerit
1414 2312 1731 2372 actorem
1773 2299 2055 2396 aliquot
2087 2314 2248 2396 post
2290 2303 2509 2371 annis

479 2428 789 2522 primum
834 2429 908 2496 in
964 2424 1208 2522 lyricis
1269 2424 1659 2521 tragoedias
1727 2424 2052 2583 partibus
2110 2425 2353 2498 locum
2395 2450 2511 2496 oc-

480 2565 908 2647 cupaturum
953 2573 1144 2622 esse.
1229 2576 1237 2587 ·

1123 2924 1251 2996 ΙΙΙ.
1292 2923 1508 2995 APUD
1542 2882 1981 3005 EUumEu

338 3272 345 3277 “
452 3238 461 3249 .
579 3180 772 3255 Sunt
852 3180 1046 3277 apud
1111 3180 1527 3278 Euripidem
1563 3207 1855 3278 quoque
1916 3180 2278 3255 nonnulla
2310 3181 2513 3252 chori

336 3344 347 3349 -
477 3286 777 3377 cantica
846 3308 923 3376 in
964 3304 1232 3401 quibus
1293 3306 1508 3400 poeta
1569 3304 2004 3379 dochmiaco
2075 3321 2300 3377 metro
2342 3330 2538 3400 usus,

477 3443 617 3502 est.
661 3429 850 3501 Vide
889 3428 1094 3505 Ionis
1132 3430 1474 3526 677-724,
1539 3434 1618 3501 in
1657 3455 1802 3527 quo
1841 3455 1881 3501 e
1918 3430 2169 3502 decem
2203 3430 2516 3527 periodis

481 3556 631 3626 non
674 3556 916 3627 minus
974 3566 1252 3650 septem
1308 3553 1763 3645 dochmiacae
1824 3566 2014 3642 sunt,
2087 3555 2519 3627 Phoenz'ssa-

426 3663 650 3749 'rum
708 3700 1048 3772 291-300,
1142 3679 1577 3772 1284-1306,
1628 3692 1698 3751 et
1752 3680 1936 3752 duas
1994 3679 2259 3777 longas
2337 3693 2514 3751 stro-

477 3802 664 3900 phas
713 3806 791 3874 in
837 3802 1138 3881 Orestis
1179 3803 1533 3900 316-347,
1587 3804 2039 3899 1353-1565,
2093 3829 2257 3876 cum
2292 3808 2516 3877 antis-

478 3925 742 4022 tropha
778 3934 1005 4025 quam'
1047 3927 1309 4001 chorus
1335 3947 1499 4026 post
1529 3926 1955 4001 monodiam
1993 3932 2181 4001 servi
2213 3928 2514 4025 phrygis

477 4054 710 4139 canit,
732 4052 1190 4125 Baccharum
1230 4072 1454 4150 977-1
1473 4077 1561 4124 ο2
1568 4076 1610 4146 3
1636 4110 1651 4125 .

482 4228 487 4233 ¹
580 4176 957 4250 Nonnulla
996 4191 1165 4251 sunt
1204 4178 1425 4253 etiam
1450 4177 1647 4251 chori
1682 4181 1975 4250 cantica
2002 4178 2245 4251 {ormae
2298 4189 2522 4252 astro-

2149 4328 2176 4373 2
