3092 4942
1517 492 1798 548 ..78-

610 671 797 719 cum
833 644 972 718 sub
1010 644 1232 717 finem
1269 648 1430 718 vitae
1472 644 1850 741 Euripides
1907 643 1998 717 ad
2035 643 2373 742 AEschyli
2444 647 2654 716 ratio-

628 795 794 843 nem
839 774 916 842 in
949 769 1380 842 ordinandis
1409 770 1729 867 periodis
1750 774 2140 843 reverterit.

724 893 842 967 De
867 894 1223 987 industria
1262 898 1476 969 omisi
1509 895 1867 993 quasdam
1909 895 2387 967 dochmiacas
2418 898 2649 990 perio-

623 1022 755 1095 dos
814 1046 1000 1118 quae,
1061 1022 1484 1117 quanquam
1560 1024 1792 1116 primo
1842 1018 2193 1117 adspectu
2241 1021 2653 1091 etrimetris

625 1158 747 1241 aut
788 1147 1262 1242 pentametris
1320 1158 1656 1218 constare
1709 1144 2068 1228 videntur,
2105 1158 2379 1230 tamen,
2427 1146 2485 1215 si
2528 1168 2654 1215 eas
2727 1126 2730 1130 Δ

622 1268 1053 1366 diligentius
1085 1267 1953 1359 considerabimus,-inter
1978 1295 2105 1342 eas
2138 1294 2297 1366 quae
2330 1294 2370 1340 e
2423 1268 2651 1357 dime-

621 1399 748 1467 tris
769 1406 1114 1467 constant
1138 1397 1388 1490 reponi
1415 1392 1817 1467 debebunt.
1847 1393 2237 1466 Neminem
2265 1392 2444 1489 fugit
2475 1392 2684 1463 mul-'

630 1534 742 1592 tas
774 1519 1111 1616 periodos
1140 1517 1333 1591 binis
1366 1532 1491 1592 aut
1513 1523 1889 1616 quaternis
1922 1532 2048 1591 aut
2079 1517 2404 1615 pluribus
2433 1541 2652 1589 mem·

606 1644 782 1729 ,bris
813 1643 1225 1740 conjunctis
1264 1662 1616 1730 constare,
1683 1642 1948 1741 quibus
2001 1642 2345 1715 membris
2384 1645 2534 1714 sive
2578 1645 2650 1712 in

630 1768 839 1843 initio
879 1771 1029 1840 sive
1069 1772 1145 1839 in
1187 1768 1333 1841 fine
1373 1784 1616 1841 unum
1642 1767 2041 1841 membrum
2086 1767 2485 1865 proodicon
2529 1778 2655 1839 aut

631 1893 994 1990 epodicon
1035 1891 1489 1990 adjungitur.
1545 1891 1972 1989 Cujusmodi
2032 1894 2308 1989 periodi
2360 1890 2656 1989 proodi-

637 2044 738 2090 cae
777 2029 846 2089 et
886 2017 1210 2114 epodicae
1242 2016 1614 2091 dicuntur.

730 2143 841 2219 De
883 2134 1421 2239 quibus'pauca
1459 2166 1904 2239 praemonere
1947 2141 2215 2226 licebit,
2268 2166 2415 2239 quo
2480 2139 2652 2212 tici-

622 2267 763 2339 lius
843 2258 1309 2363 intellegatur
1361 2292 1506 2366 qua
1555 2266 1646 2339 de
1704 2290 1941 2353 „causa
1982 2291 2108 2339 eas
2164 2269 2400 2362 potius
2466 2269 2658 2336 inter

623 2392 959 2489 periodos
994 2391 1394 2465 melodicas
1435 2417 1620 2490 quas
1663 2395 1913 2464 vocavi
1966 2391 2292 2467 referam.
2362 2389 2651 2463 Periodi

622 2542 794 2615 quae
856 2543 895 2588 e
965 2515 1309 2589 membris
1375 2516 1887 2615 magnitudine
1953 2515 2248 2612 paribus
2314 2529 2654 2588 constant

606 2641 719 2713 ab
749 2645 857 2715 eis
887 2644 960 2711 in
1004 2640 1273 2737 quibus
1314 2645 1715 2717 miscentur
1749 2639 1947 2738 paria
1982 2653 2055 2712 et
2088 2639 2393 2736 imparia
2434 2664 2656 2712 mem-

614 2764 752 2838 bra
791 2790 880 2837 eo
930 2763 1406 2837 dinoscuntur
1446 2764 1641 2863 quod
1708 2764 1819 2837 hae
1877 2764 2377 2836 choreutarum
2435 2763 2655 2836 salta·

622 2888 802 2962 tioni
870 2892 1185 2986 aptiores
1253 2908 1439 2978 sunt,
1489 2877 1632 2961 illae
1672 2889 1766 2961 ad
1824 2887 2337 2985 exprimendos
2411 2891 2651 2984 pers'o-

624 3038 882 3086 na·um
940 3012 1270 3088 affectus,
1339 3014 1526 3087 Cum
1598 3030 1842 3087 autem
1885 3013 2290 3086 orchestica
2347 3017 2657 3086 varietas

600 3164 710 3242 'eo
753 3142 992 3211 minor
1022 3138 1377 3211 exstiterit
1434 3164 1582 3236 quo
1613 3137 2034 3211 saltantium
2078 3115 2316 3210 motus
2356 3141 2658 3209 minoris

624 3262 979 3335 momenti
1008 3276 1216 3335 erant
1255 3280 1324 3336 et
1367 3266 1566 3336 modi
1602 3262 1907 3355 majores
1940 3262 2013 3334 in
2057 3264 2436 3361 tragoediae
2487 3287 2656 3334 can-

534 3468 539 3473 ,
620 3386 816 3459 tibus
857 3399 1096 3483 partes
1160 3388 1692 3483 suscipiebant,
1753 3388 2195 3460 contendere
2236 3386 2402 3459 licet
2441 3385 2657 3483 tragi-

622 3536 750 3583 cos
790 3523 1045 3607 poetas
1096 3510 1261 3583 illas
1319 3509 1656 3608 periodos
1703 3515 2158 3609 potissimum
2229 3509 2656 3583 adhibuisse

621 3639 794 3734 quia
836 3638 943 3726 eis
985 3633 1372 3723 affectibus
1404 3662 1590 3733 quos
1619 3636 1968 3709 volebant
1999 3640 2397 3733 exprimere
2421 3638 2656 3732 magis

518 3844 525 3851 ‚
621 3759 907 3832 idoneae
966 3758 1437 3834 videbantur.
1497 3762 1684 3853 Quae
1741 3740 2162 3859 conjectura
2228 3787 2315 3834 eo
2373 3759 2645 3833 confir—

608 3902 856 3957 ·matur
888 3862 1092 3981 ⁴quod
1135 3884 1328 3957 idem
1358 3889 1432 3956 in
1482 3889 1764 3958 musica
1795 3899 2057 3958 nostrae
2110 3889 2345 3958 aetatis
2378 3887 2647 3973 evenit,

617 4013 697 4080 in
730 4035 874 4106 qua
913 4007 1295 4108 rhythmus
1319 4009 1743 4109 plerumque
1774 4009 1930 4083 sine
1958 4009 2107 4084 ulla
2138 4008 2482 4083 varietate
2512 4021 2647 4134 est,
