3092 4942
1424 600 1770 683 ι-ιειΛ-

618 745 977 844 trophicae
1025 782 1040 822 :
1087 748 1444 848 ejusmodi
1507 770 1680 824 sunt
1716 751 2130 853 Hippolyti
2192 755 2644 846 1268-1282,

614 872 923 947 Hecubae
971 895 1414 969 1033—1034,
1466 876 1543 948 E
1550 875 1787 949 lectroe
1834 881 2273 974 1147—1181‚
2308 880 2643 955 Phoenis-

617 1021 874 1073 sarum
921 1000 1262 1098 2912390,
1309 999 1753 1094 1284-1306.

618 1208 621 1211 ,
711 1132 800 1219 ,In
853 1130 1293 1229 quibusdam
1376 1137 1706 1235 commis,
1756 1138 1832 1206 in
1881 1135 2149 1233 quibus
2196 1151 2365 1211 sunt
2408 1138 2640 1213 doch-

614 1259 834 1328 miaci
899 1281 1168 1344 versu5‚
1243 1256 1444 1331 chori
1510 1258 1742 1335 solius
1804 1258 2129 1334 dochmii
2193 1275 2392 1352 sunt,
2469 1288 2636 1338 cum

397 1369 405 1376 ’
497 1386 501 1392 ’
552 1428 559 1435 κ
610 1404 924 1477 persona
953 1384 1279 1456 trimetra
1297 1381 1661 1456 declamet
1683 1382 1823 1468 vel,
1869 1384 1935 1473 si,
1953 1385 2327 1460 nonnullae
2356 1389 2632 1486 periodi

609 1529 655 1577 a
692 1508 1021 1602 personis
1061 1521 1444 1596 canuntur,
1479 1521 1700 1606 poeta
1731 1507 1808 1582 in
1851 1513 1960 1583 eis
1998 1510 2147 1584 alio
2188 1525 2441 1601 metro,
2478 1517 2634 1587 sive

608 1630 918 1721 choreiS,
968 1631 1529 1733 siyelogaoedis,
1579 1635 1824 1707 utitur.
1869 1634 2062 1708 Vide
2097 1636 2372 1709 Medeae
2421 1629 2632 1733 1251-

602 1777 824 1851 1292,
886 1755 1656 1856 Hippolytz'569-595,
1710 1757 2065 1831 Herculis
2076 1756 2419 1856 furentis
2450 1779 2635 1858 735-

608 1899 751 1980 759
823 1916 855 1952 2.
909 1879 1049 1954 hoc
1103 1880 1469 1956 canticum
1517 1904 1740 1977 prope
1802 1880 2003 1955 chori
2062 1886 2436 1964 canticum
2488 1897 2622 1976 est,

605 2009 989 2095 propterea
1072 1997 1270 2095 quod
1358 1997 1592 2094 Lycus
1664 1988 1906 2095 partes
1979 1997 2275 2072 infimas
2351 1999 2574 2074 habet
2610 2035 2640 2091 ς,

603 2115 929 2220 ejusdem
969 2124 1289 2219 875—921
1347 2155 1362 2213 ;
1421 2122 1779 2194 Troadum
1830 2126 2264 2218 1216-1239,
2327 2122 2630 2225 [μαξε-

599 2246 750 2320 nz'oe
817 2246 1146 2321 Taurz'coe
1179 2246 1531 2343 643-656,
1565 2246 2018 2321 Baccharum
2068 2269 2508 2341 1030-1042.

702 2370 854 2445 Sed
893 2397 1057 2445 cum
1087 2396 1487 2447 omneseae
1527 2383 1767 2468 partes
1806 2395 1991 2460 quas
2029 2371 2436 2445 rettulimus
2477 2397 2627 2446 non

601 2500 750 2570 sint
821 2494 1292 2594 gravissimae,
1352 2494 1795 2569 contendere
1861 2494 2033 2587 licet
2106 2495 2625 2570 dochmiacum

598 2635 905 2695 metrum
947 2619 1139 2718 apud
1182 2600 1600 2717 Euripidem
1641 2642 2111 2717 personarum
2150 2622 2306 2693 sive
2335 2619 2626 2719 querel-
2727 2616 2728 2625 '

602 2746 692 2819 lis
737 2750 889 2818 sive
927 2744 1196 2817 laetitiae
1245 2743 1598 2841 aptiorem
1640 2768 1802 2817 esse
1839 2768 2062 2842 quam
2113 2744 2622 2819 choreutarum

597 2872 943 2944 canticis.
1026 2856 1410 2943 Choreutae
1457 2871 1682 2958 enim,
1740 2866 1853 2940 vel
1915 2871 1989 2940 in
2022 2867 2625 2942 concitatissimis
2677 2936 2686 2941 -

594 2995 961 3083 cantibuS,
1023 2991 1633 3091 tranquillitatem
1674 2991 2052 3090 quandam
2081 3006 2406 3082 servant,
2447 2996 2625 3092 quia

594 3118 1088 3219 tranquillitas
1139 3116 1424 3215 propria
1461 3131 1572 3191 est
1625 3116 1822 3190 chori
1861 3150 1876 3207 3
1943 3110 2070 3216 qui
2114 3115 2310 3190 mala
2355 3117 2652 3221 quibusr

594 3243 1004 3318 afficiuntur
1067 3262 1405 3339 personae·
1459 3241 1999 3339 contemplatur
2034 3253 2108 3314 et
2160 3240 2252 3314 de
2291 3240 2378 3314 iis
2408 3240 2622 3315 malis

592 3371 996 3443 sententias
1057 3367 1235 3457 edit,
1290 3365 1438 3454 sed,
1525 3391 1617 3439 ne
1658 3365 1890 3439 multa
1940 3364 2210 3456 dicam,
2275 3389 2618 3462 persona·

589 3518 745 3567 rum
816 3492 1264 3590 perturbatio
1325 3490 1439 3565 vel
1501 3505 1768 3579 motuS‚
1809 3503 2424 3589 quantuscunque
2476 3503 2611 3580 est,

588 3644 737 3691 non
780 3630 1160 3714 tantopere
1183 3641 1349 3689 eum
1390 3627 1800 3689 commovet
1830 3628 1908 3692 ut
1948 3614 2042 3689 de
2083 3613 2617 3714 tranquillitate

586 3768 720 3818 sua
755 3742 1109 3815 discedat.
1156 3740 1369 3838 Apud
1410 3738 1841 3839 AEschylum
1882 3742 2061 3813 varii
2112 3752 2183 3813 et
2213 3738 2619 3812 vehemen-

582 3882 690 3941 tes
729 3871 1139 3939 animorum
1180 3878 1418 3938 motus
1446 3888 1981 3962 nonnunquam
2021 3842 2410 3937 choreutas
2454 3865 2607 3963 agi-

584 4003 743 4065 tant
809 4004 881 4065 et
918 3994 1370 4064 insectantur
1404 4022 1418 4080 3
1481 4013 1628 4087 qua
1668 3987 1760 4061 de
1816 4011 2062 4081 causa,
2100 4000 2366 4084 praeter
2395 3990 2615 4059 ‘ratio-

585 4142 751 4190 nem
819 4140 1040 4214 quam
1081 4092 1297 4213 supra
1351 4112 1735 4202 edidimus,
1787 4110 2155 4186 choreutae
2220 4110 2615 4209 saepissime
