3092 4942
1432 522 1743 580 ‘-92-

576 678 682 746 ria
721 687 914 764 sunt,
963 678 1320 772 imprimis
1378 675 1831 772 tetrapodiae.
1881 676 1962 747 In
2028 678 2289 748 ceteris
2328 687 2597 770 tragoe-

576 800 716 871 diis
742 798 868 892 (ab
899 826 1097 872 anno
1129 800 1268 895 415
1294 799 1387 871 ad
1418 825 1698 873 annum
1738 799 1911 895 406)
1946 812 2164 897 poeta
2193 799 2290 887 ad
2321 797 2601 871 orches-

574 926 797 997 ticam
835 925 1326 1022 componendi
1368 928 1728 999 rationem
1770 924 2106 1022 AEschyli
2139 925 2252 997 vel
2301 922 2612 1021 Sopho-

520 1062 521 1065 ’
574 1048 705 1121 clis
744 1052 1116 1122 revertisse
1166 1047 1500 1139 videtur3
1578 1049 1913 1122 nonnulli
1988 1048 2284 1147 quidem
2341 1061 2602 1121 cantus

579 1174 1057 1270 (Baccharum
1121 1174 1540 1270 praesertim)
1597 1172 2100 1270 pulcherrimis
2130 1172 2358 1270 ipsius
2426 1173 2598 1245 AEs·

522 1310 529 1315 “
573 1297 764 1395 chyli
792 1297 1126 1389 canticis,
1149 1299 1345 1396 quod
1366 1297 1459 1373 ad
1473 1282 1959 1394 rhythmicam
1986 1300 2408 1370 varietatem
2437 1298 2600 1369 atti-

575 1436 718 1507 net,
767 1413 1358 1518 vix'superantur
1403 1456 1415 1504 ς
1489 1420 1618 1494 sed
1666 1421 1913 1495 multae
1968 1446 2216 1494 earum
2285 1418 2602 1492 cantile—

574 1571 828 1627 narum
851 1572 1012 1644 quae
1030 1568 1035 1573 ·
1050 1573 1139 1619 ex
1166 1546 1566 1642 imparibus
1586 1550 1972 1619 commatis
1991 1558 2335 1619 constant
2354 1557 2454 1632 et,
2498 1544 2594 1616 ad

573 1695 956 1757 summam,
1011 1675 1060 1742 ii
1094 1685 1357 1742 cantus
1383 1696 1690 1767 quorum
1735 1696 2061 1767 personae
2089 1670 2415 1768 aliquam
2445 1693 2599 1767 par-

573 1809 715 1868 tem
767 1808 1043 1869 canunt
1087 1820 1249 1868 eam
1299 1795 1848 1892 simplicitatem
1917 1799 2367 1868 retinuerunt
2440 1798 2608 1891 quae

573 1923 778 2016 quasi
808 1933 1004 1991 certa
1024 1917 1143 1991 lex
1175 1918 1367 1990 facta
1396 1932 1551 1992 erat
1576 1934 1647 1992 et
1668 1946 1707 1992 e
1740 1918 1995 1992 ditiore
2013 1917 2333 1993 melodia
2353 1942 2597 1991 evase-

578 2031 904 2142 rat.Jam
941 2043 1032 2116 de
1055 2042 1413 2142 rhythmo-
1434 2060 1681 2117 actum
1722 2056 1830 2116 est
1872 2063 1941 2117 et
1981 2046 2071 2116 de
2120 2047 2211 2116 iis
2250 2042 2494 2140 longis
2530 2054 2600 2113 et

569 2172 886 2242 maxime
926 2172 1142 2242 variis
1172 2168 1488 2265 periodis
1550 2169 1817 2266 quibus
1842 2168 2244 2266 AEschylus
2292 2181 2364 2240 et
2395 2165 2598 2264 lyrici

571 2305 801 2389 poetae
859 2291 1309 2369 saltantium*
1364 2306 1604 2365 motus
1670 2303 1743 2365 ct
1820 2292 2230 2365 animorum
2287 2277 2597 2364 affectus

571 2420 973 2513 exprimere
1014 2416 1390 2490 solebant.
1433 2417 1723 2491 Chorus
1788 2421 1989 2490 enim
2031 2417 2219 2490 adeo
2246 2416 2395 2513 jam
2433 2415 2598 2488 obs-

572 2520 895 2615 curatus⁸
929 2555 1057 2629 est,
1107 2557 1184 2614 ut
1242 2568 1464 2639 prope
1524 2541 1769 2615 nullus
1800 2541 1911 2626 sit,
1975 2567 2288 2640 persona
2349 2554 2596 2614 autern

572 2668 1062 2763 spectantium
1128 2665 1371 2739 studia
1447 2691 1668 2763 prope
1708 2665 1866 2740 sola
1915 2669 2319 2764 usurpavit,
2389 2664 2607 2763 cujus

572 2804 647 2865 ut
680 2789 984 2865 affectus
1031 2794 1388 2888 exprimat
1443 2806 1660 2888 poeta
1737 2779 2190 2883 modis,'non
2224 2790 2593 2890 rhythmo,
2668 2839 2677 2848 ·

572 2910 818 2996 utitur.
2227 2906 2230 2909 ’
2475 3002 2480 3003 ἢ

674 3040 1012 3115 Forsitan
1046 3066 1193 3113 non
1233 3044 1412 3112 satis
1450 3044 1543 3113 sit
1583 3041 1827 3114 dicere
1860 3054 2170 3114 metrum
2226 3041 2599 3114 dochmia-

572 3191 741 3263 cum
774 3164 991 3239 simul
1033 3190 1198 3239 cum
1239 3169 1495 3239 ceteris
1527 3169 1774 3238 metris
1821 3166 2229 3263 simplicius
2269 3192 2427 3239 esse
2453 3165 2601 3239 fac-

574 3306 760 3365 tum.
816 3293 1084 3364 Nonne
1116 3290 1284 3362 licet
1325 3290 1620 3388 longius
1663 3291 2249 3388 progredientem
2289 3274 2598 3364 conten-

576 3412 742 3486 dere
817 3414 969 3511 ejus
1027 3419 1235 3487 metri
1307 3414 1653 3512 majorem
1714 3418 1790 3486 in
1838 3412 1991 3488 dies
2057 3415 2601 3512 simplicitatem

577 3562 874 3611 causam
913 3563 1069 3611 esse
1091 3563 1216 3612 cur
1238 3552 1473 3613 cetera
1503 3538 1951 3637 simpliciora
1981 3539 2385 3613 evaserint?
2412 3538 2602 3613 Cum

577 3667 775 3735 enim
815 3661 1043 3735 multa
1069 3675 1297 3737 metra
1337 3663 1719 3760 (ionicum,
1766 3644 1843 3738 ut
1882 3664 2296 3761 exemplum
2362 3663 2604 3761 profe-

579 3786 846 3873 ramus)
886 3797 936 3874 ¹,
964 3786 1227 3885 quibus
1266 3792 1473 3886 primi
1507 3789 1761 3887 tragici
1794 3801 2025 3886 poetae
2045 3794 2443 3888 saepissime
2490 3795 2601 3865 usi

643 4071 657 4102 ¹
690 4070 838 4121 Vide
860 4069 1122 4132 Croiset.‚
1152 4072 1282 4124 Litt.
1319 4073 1593 4140 Grec-que,
1615 4089 1697 4134 111,
1725 4089 1782 4141 p.
1807 4075 1925 4141 145.Ι
