3092 4942
1476 545 1754 601 ..43-

586 693 988 794 praesertim
1028 720 1073 768 a
1101 710 1396 769 cantore
1441 721 1590 770 uno
1620 708 1984 770 cantetur.
2062 690 2186 772 Ob
2233 722 2396 771 eam
2460 721 2630 769 cau-

592 846 757 894 sam
794 819 1307 895 dochmiacum
1353 835 1660 894 metrum
1704 824 1959 894 merito
1999 820 2145 897 dici
2188 835 2444 921 potest*
2478 846 2629 895 sce-

602 949 925 1019 nicarum
965 943 1500 1018 cantilenarum
1549 945 1938 1044 proprium.
2000 945 2204 1040 Quin
2257 949 2481 1019 etiam
2538 971 2625 1021 ea

588 1075 759 1168 ipsa
797 1097 969 1170 quae
1036 1094 1322 1145 summa
1396 1085 1507 1143 est
1561 1084 1820 1143 cantus
1859 1070 2273 1143 dochmiaci
2319 1069 2627 1144 difficul-

486 1256 489 1257 ν
587 1210 732 1277 tas,
764 1212 948 1270 scum
980 1199 1042 1269 is
1079 1221 1123 1269 a
1160 1195 1489 1293 pluribus
1534 1195 1959 1269 cantoribus
1999 1200 2307 1289 ¹canitur,
2358 1219 2472 1281 ea,
2516 1197 2626 1266 in·

601 1345 851 1419 quam,
885 1319 1306 1419 jucunditas
1341 1345 1629 1399 summa
1690 1336 1844 1395 erat
1899 1335 1971 1394 et
2030 1318 2397 1408 illecebra,
2462 1308 2628 1415 eum

599 1444 1012 1519 dochmiaci
1045 1469 1291 1519 versus
1321 1471 1364 1517 a
1403 1448 1702 1518 scenica
1741 1470 2052 1542 persona
2122 1444 2614 1549 cauebautur.

588 1568 657 1648 ,Ii
700 1572 898 1642 enim
933 1572 1059 1667 qui
1097 1567 1619 1666 Polymestoris
1672 1582 1798 1642 aut
1866 1544 2195 1667 jocastes
2270 1565 2630 1666 querella-s

600 1672 1004 1768 audiebant
1052 1691 1382 1791 pulchra
1454 1707 1530 1766 et
1576 1697 1780 1767 suavi
1850 1697 2150 1772 musica.
2202 1707 2281 1765 ut
2317 1690 2624 1793 videtur,

598 1818 943 1892 delectari
1006 1822 1251 1916 potius
1327 1817 1747 1914 cupiebant,
1831 1827 2055 1921 quam
2122 1813 2480 1915 exagitari
2540 1819 2638 1888 iis·

588 1941 990 2019 affectibus
1054 1946 1180 2040 qui
1240 1968 1279 2015 e
1354 1966 1590 2016 rerum
1674 1946 2132 2016 scenicarum
2207 1941 2630 2027 discrimine

569 2067 1093 2141 'nascebantur
1128 2101 1140 2155 3
1185 2067 1381 2165 quod
1422 2066 1721 2165 quidem
1793 2066 2119 2144 studium
2153 2054 2383 2140 simul
2409 2078 2632 2173 atque

599 2191 794 2290 apud
834 2216 1093 2266 omnes
1132 2190 1634 2269 vehementius
1669 2194 1971 2281 exstitit,
2048 2217 2213 2266 cum
2289 2188 2630 2288 permulti

600 2330 943 2391 cantores
990 2319 1418 2413 peritissimi
1495 2316 1750 2390 florere
1803 2320 2256 2414 coepissent¹,
2324 2320 2385 2389 is
2441 2306 2631 2392 unus

596 2443 1056 2517 audientium
1120 2425 1531 2523 animorum
1602 2464 2059 2539 commovere
2100 2453 2422 2539 poterat,
2502 2445 2628 2538 qui

590 2592 750 2639 non
769 2579 1054 2640 tantum
1096 2564 1306 2654 bene,
1355 2581 1432 2639 ut
1478 2570 1582 2640 ita
1635 2565 1903 2655 dicam,
1942 2564 2280 2641 difficiles
2324 2563 2629 2639 cantile-

599 2716 734 2763 nas
789 2690 916 2763 sed
983 2693 1259 2787 optime
1322 2670 1798 2764 difficillimas
1864 2694 2202 2767 caneret?
2269 2688 2635 2788 Superata

586 2813 991 2889 difficultas
1015 2812 1583 2903 delectationem
1629 2841 1778 2888 non
1824 2815 2265 2889 mediocrem
2299 2814 2623 2903 creabat,

599 2964 747 3039 qua
766 2938 927 3013 sine
958 2937 1109 3011 ullo
1142 2936 1368 3014 dubio
1392 2963 1603 3031 aures
1630 2938 2088 3021 audientium
2133 2964 2338 3013 novae
2396 2942 2633 3014 musi—

588 3087 701 3134 cae
740 3062 1445 3155 studiosissimorum
1514 3063 2180 3167 permulcebantur.
2248 3050 2631 3168 Quaprop-
2737 3088 2746 3093 ·

598 3200 710 3259 ter
747 3189 1199 3287 reperiuntur
1231 3191 1305 3259 in
1348 3212 1822 3285 personarum
1853 3187 2196 3265 cantibus
2223 3203 2373 3263 tam
2422 3187 2633 3289 multi

597 3308 893 3383 resoluti
935 3308 1259 3399 dochmii
1298 3345 1312 3401 ;
1361 3330 1532 3384 nam
1567 3315 1629 3405 si
1671 3311 2053 3389 rationalis
2082 3311 2488 3405 dochmius,
2554 3302 2634 3387 ut

583 3434 741 3533 jam
817 3433 988 3527 dixi,
1070 3450 1414 3534 perceptu
1475 3435 1798 3509 difficilis
1848 3450 2028 3529 erat,
2095 3463 2198 3539 ⁸eo
2264 3436 2637 3515 difficilior

598 3559 818 3633 luisse
842 3558 1130 3653 videtur
1157 3559 1284 3633 illa
1323 3564 1550 3634 series
1616 3567 1790 3634 octo
1852 3560 2178 3636 brevium
2243 3540 2636 3647 Continua-

596 3709 780 3774 rum,
831 3709 1069 3783 neque
1108 3683 1261 3781 ullo
1302 3684 1521 3783 modo
1563 3684 1717 3765 fieri
1783 3691 2021 3787 potuit
2098 3699 2175 3761 ut
2241 3664 2640 3787 ¹rhythmus

590 3813 811 3882 trium
836 3820 962 3882 aut
999 3821 1342 3906 quattuor
1381 3822 1506 3885 aut
1539 3812 1868 3910 quinque
1900 3810 2377 3925 resolutorum
2416 3810 2638 3885 doch-

660 4103 675 4131 ¹
708 4101 782 4151 Cr
804 4101 1012 4166 Bergk,
1042 4102 1248 4155 Gm’ech
1272 4103 1404 4179 Litt.
1430 4103 1515 4154 111.
