3092 4942
1480 555 1765 609 ...40-

601 704 694 776 ad
730 704 1076 778 musicam
1115 710 1402 792 attinet,
1452 729 1775 804 personae
1807 702 2002 775 haud
2028 701 2580 800 dubioprfflstat
2612 734 2628 790 ς,

601 833 675 900 in
717 828 1159 928 'Euripideis
1198 844 1445 904 autem
1503 827 1770 934 fabulis
1823 826 2328 925 antistrophici
2372 846 2632 902 cantus

598 979 746 1025 non
787 969 1069 1028 tantam
1118 955 1561 1051 dignitatem
1622 956 2076 1026 retinuerunt
2129 965 2206 1025 ut
2267 978 2428 1026 earn
2492 950 2628 1022 for-

599 1102 791 1151 mam
844 1083 920 1151 in
954 1079 1118 1152 aliis
1162 1077 1527 1168 cantibuS,
1575 1103 1759 1175 quos
1797 1102 2051 1176 parum
2081 1076 2412 1162 decebat*
2460 1102 2628 1150 enn-

593 1217 960 1275 servarent
1007 1237 1020 1295 ;
1066 1201 1383 1276 scenicae
1455 1217 1710 1276 contra
1762 1201 2162 1275 cantilenae
2212 1202 2628 1274 novissimis

596 1325 792 1398 illius
831 1331 1076 1399 aetatis
1116 1330 1333 1399 annis
1370 1326 1874 1398 choreutarum
1930 1329 2224 1398 cantica
2270 1326 2620 1423 paulatim

596 1463 1077 1538 mutaverunt,
1138 1451 1334 1548 quod
1396 1478 1544 1524 non
1595 1449 1686 1524 ad
1753 1450 2060 1523 formam
2091 1451 2232 1525 sed.
2271 1450 2360 1522 ad
2412 1450 2628 1522 musi-

594 1600 755 1646 cam
811 1581 1152 1674 pertinet,
1211 1581 1814 1674 quotiescumque
1890 1600 2202 1673 persona
2259 1575 2508 1674 aliqua
2548 1578 2624 1646 in

593 1707 697 1780 eis
729 1708 1174 1782 versabatur.

690 1858 948 1932 Nullos
987 1864 1183 1932 enim
1230 1860 1589 1934 resolutos
1619 1860 2007 1933 dochmios
2039 1863 2113 1931 in
2149 1862 2620 1958 antisti-mphi-

591 1989 697 2056 cis
729 1985 926 2056 chori
967 1987 1906 2081 canticisinvenimu5,nisi
1950 1988 2025 2056 in
2064 1985 2332 2057 Medeoe
2384 1986 2560 2078 1352
2604 2022 2620 2058 :

771 2199 979 2265 κοςτίδετ’
1008 2197 1136 2250 ἴδετε
1161 2199 1266 2252 τάν.
1351 2239 1363 2250 .
1446 2239 1458 2250 .
1541 2238 1554 2249 .
1638 2235 1649 2248 .

692 2411 766 2456 m
809 2384 1014 2457 lonzs
1055 2386 1200 2478 690
1247 2419 1260 2457 ε

767 2589 947 2650 ἄτοπος
981 2590 1137 2641 ἄτοπα
1168 2591 1284 2660 γάρ.
1364 2632 1378 2645 .
1461 2630 1475 2642 .
1558 2629 1572 2642 .

692 2775 767 2842 in
819 2773 1137 2844 Electrae
1188 2792 1367 2869 1153
1419 2808 1432 2846 ε

768 2978 978 3047 πατρίδα
1009 2974 1232 3029 δεκέτεσι’
1331 3018 1343 3031 .
1432 3018 1444 3030 .
1527 3021 1540 3034 .

686 3167 758 3234 in
802 3161 1126 3258 ejusdem
1174 3163 1356 3255 1164
1406 3200 1418 3236 :

763 3369 954 3438 δρύοχα
986 3368 1249 3439 νεμόμενα.
1329 3407 1343 3418 .
1425 3409 1437 3420 .

684 3565 756 3626 et
808 3573 987 3650 1170
1037 3589 1049 3625 :

759 3759 964 3829 σχέτλια
995 3760 1080 3831 μὲν
1111 3762 1298 3830 ἔπαθες,
1332 3759 1390 3814 ἂν
1423 3771 1432 3828 fl
1465 3763 1597 3816 όσια.
1684 3806 1701 3820 .
1788 3806 1801 3818 .
1883 3807 1898 3822 .

643 4073 661 4107 ¹
690 4075 950 4127 Schmidt
983 4079 1182 4129 scribit
1214 4080 1272 4129 in
1294 4096 1470 4132 versu
1501 4085 1621 4133 1152
1648 4101 1661 4135 z
1700 4087 1925 4159 σχέτλια,
1950 4089 1999 4141 τί
2021 4109 2100 4160 με,
2132 4091 2271 4161 γύναι
2310 4111 2324 4156 ;
