3092 4942
1490 600 1773 659 -32-

619 774 971 847 magnam
1036 749 1328 846 copiam
1395 751 1875 825 resolutorum
1950 752 2213 848 pedum
2266 755 2390 850 qui
2459 751 2655 848 apud

621 875 1045 972 Euripidem
1078 887 1457 948 notantur.
1502 876 1912 950 Dochmius
1949 901 2267 974 quoque,
2305 891 2387 951 ut
2414 886 2656 949 cetera

620 1016 875 1089 metra,
916 997 1180 1071 ineam
1230 1015 1515 1096 partem
1558 1014 1876 1074 mutatus
1903 1015 2079 1073 erat.

718 1121 1500 1220 Hujusmodidochmii
1543 1128 1997 1221 reperiuntur
2052 1129 2129 1197 in
2197 1096 2651 1199 Heraclzda—

518 1288 525 1291 ,
619 1274 789 1319 rum
889 1266 1164 1344 73-110
1228 1250 1601 1345 (quattuor
1675 1248 1999 1321 dochmii
2060 1248 2357 1321 resoluti
2418 1252 2648 1343 sunt),

621 1374 697 1443 in
721 1368 1086 1446 Herculis
1116 1371 1462 1469 furentis
1518 1372 1929 1467 1178··1213
2004 1376 2203 1463 (item
2252 1380 2646 1473 quattuor),

619 1500 695 1568 in
760 1482 963 1568 lon'z's
1017 1495 1331 1592 763·799
1388 1499 1818 1594 (quattuor),
1867 1502 1945 1569 in
2017 1490 2382 1569 'Troadum
2474 1498 2657 1590 289-

562 1715 569 1722 ·
626 1644 765 1714 291
836 1625 1246 1721 (quinque),
1316 1624 1390 1691 in
1466 1620 1879 1719 Iphzgrenioe
1948 1619 2276 1693 Tauricoe
2336 1621 2658 1716 827·899

623 1749 847 1843 (octo)
897 1779 910 1836 ;
955 1744 1082 1817 sed
1130 1744 1457 1818 notanda
1496 1758 1668 1818 sunt
1706 1748 1893 1818 inter
1956 1758 2197 1819 cetera
2235 1771 2321 1817 ea
2362 1749 2656 1817 cantica

622 1874 700 1942 in
743 1869 1009 1968 quibus
1041 1895 1193 1941 non
1232 1870 1465 1943 solum
1534 1873 1983 1967 reperiuntur
2038 1869 2249 1943 multi
2318 1868 2650 1941 dochmii

546 1990 549 1993 ’
626 1994 945 2081 resoluti,
983 1993 1111 2066 sed
1154 2009 1393 2091 partes
1415 1993 1877 2092 periodorum
1917 1993 2033 2066 vel
2065 1993 2339 2091 periodi
2381 2008 2557 2066 totae
2616 2019 2657 2066 e

630 2118 966 2210 resolutis
997 2118 1364 2192 dochmiis
1394 2133 1769 2192 constant.
1818 2117 2188 2215 Ejusmodi
2233 2131 2401 2191 sunt
2461 2119 2655 2207 Her-

619 2236 816 2315 culis
833 2244 1188 2342 furentis
1219 2244 1309 2339 87
1318 2262 1563 2338 5-922‚
1611 2243 1734 2316 ubi
1778 2257 1921 2315 tres
1961 2243 2289 2315 continui
2321 2240 2645 2316 dochmii

623 2367 916 2439 resoluti
951 2381 1140 2456 sunt,
1182 2369 1482 2441 Helenae
1512 2369 1605 2439 62
1613 2369 1873 2463 5-697‚
1905 2366 1979 2438 in
2004 2393 2150 2464 quo
2182 2371 2475 2439 cantico
2503 2391 2654 2438 non

624 2490 863 2565 minus
972 2505 1141 2565 sunt
1258 2492 1843 2588 quattuordecim
1909 2492 2232 2564 dochmii
2274 2489 2642 2580 -resoluti,

621 2620 947 2715 quinque
1004 2615 1351 2702 continui,
1424 2614 1725 2690 Orestis
1811 2635 2144 2713 140·2o7,
2193 2615 2314 2714 qui
2389 2616 2648 2688 decem

621 2738 1001 2813 dochmios
1034 2740 1254 2814 habet
1286 2740 1669 2831 resolutOS,
1717 2754 2060 2838 quattuor
2126 2756 2375 2813 autem
2421 2743 2660 2814 conti·-

624 2892 836 2940 nuos,
1046 2955 1050 2959 .

722 2989 874 3064 Sed
917 2987 1225 3086 multum
1256 2994 1554 3063 interest
1595 2990 2380 3064 animadverterehanc
2414 2988 2657 3061 doch—

630 3114 756 3188 mii
786 3115 1091 3187 formam
1134 3114 1326 3211 apud
1371 3114 1791 3211 Euripidem
1853 3141 2018 3210 cum
2095 3114 2401 3188 artificio
2477 3136 2659 3209 quo-

620 3241 789 3314 dam
844 3240 1315 3336 conjunctam
1381 3264 1569 3326 esse,
1643 3239 1838 3335 quod
1909 3253 2127 3336 poeta
2187 3244 2262 3310 in
2316 3236 2659 3311 cantibus

617 3389 1088 3462 personarum
1117 3367 1516 3460 saepissime
1558 3361 1999 3452 adhibuerit,
2051 3363 2334 3435 scilicet
2398 3360 2656 3434 verbo-

621 3514 781 3561 rum
823 3492 1243 3560 iteratione.
1295 3486 1736 3584 Plerumque
1777 3490 1998 3575 enim,
2081 3512 2246 3560 curn
2287 3491 2364 3558 in
2430 3483 2657 3558 doch·

620 3616 862 3685 miaea
892 3614 1193 3710 periodo
1222 3610 1632 3708 complures
1690 3631 1861 3686 sunt
1928 3612 2224 3685 resoluti
2293 3608 2654 3698 dochmfi,

621 3762 724 3808 eae
811 3735 1290 3810 resolutiones
1321 3739 1471 3808 sive
1504 3761 1670 3808 cum
1703 3739 1978 3808 iteratis
2021 3735 2263 3807 verbis
2293 3726 2445 3807 sive
2488 3757 2658 3807 cum

619 3859 980 3934 similibus
1020 3860 1257 3934 verbis
1295 3863 1670 3956 congestis
1736 3873 2176 3958 congruunt.
2227 3858 2448 3954 Quod
2484 3855 2661 3957 qui-

622 3982 786 4057 dem
837 3983 986 4081 jam
1027 3984 1219 4082 apud
1296 3983 1735 4080 AEschylum
1811 3996 1884 4057 et
1951 3984 2145 4082 apud
2207 3982 2661 4081 Sophoclem

619 4107 894 4185 factum
923 4125 1104 4182 erat
