3092 4942
2651 0 3055 266 ΞἻἾ

2723 56 2748 77 ,ἦ
2855 60 2932 93 ,4¹
3019 90 3028 99 Ι

1529 555 1812 611 ...14-

656 701 1057 812 non-facile
1095 702 1361 776 adduci
1402 719 1641 802 potest
1695 719 1775 780 ut
1814 733 1901 780 ea
1967 707 2215 783 credat
2292 737 2454 810 quae
2525 713 2684 789 He-

654 826 823 899 lena
854 838 1120 917 narrat,
1149 828 1427 924 gaudio
1468 834 1712 926 potius
1750 857 1971 930 quam
2017 839 2354 910 maestitia
2394 861 2679 932 permo-

651 975 766 1024 tus
797 952 1136 1031 lacrimas
1163 951 1398 1028 fundit
1436 989 1451 1027 ε

770 1184 854 1224 vv
871 1209 886 1223 .
923 1161 1066 1239 654,
1088 1158 1208 1239 655
1239 1156 1400 1231 εἜμᾶ
1425 1161 1478 1213 δὲ
1507 1161 1697 1246 δᾴκρυα
1714 1167 1974 1233 χαρμονᾶν
2003 1163 2154 1219 πλέον
2182 1165 2287 1237 ἔχει

1261 1268 1468 1339 χάριτος
1495 1268 1527 1334 ἢ
1557 1267 1734 1329 λύπας.

676 1534 681 1537 ,
746 1447 869 1522 Nil
910 1450 1129 1545 igitur
1155 1448 1410 1517 mirum
1459 1455 1572 1519 est
1630 1448 1690 1518 si
1731 1444 2206 1522 dochmiacus
2245 1463 2491 1523 versus
2521 1463 2672 1523 tam
2735 1532 2738 1537 ⁵

648 1572 984 1649 laetitiam
1060 1565 1280 1667 quam'
1349 1567 1714 1642 tristitiam
1795 1569 2210 1653 doloremve
2274 1579 2673 1672 exprimere

643 1710 920 1799 potest3
994 1717 1419 1793 quanquam
1483 1697 1680 1766 enim
1723 1719 1797 1768 re
1835 1720 2001 1769 vera
2040 1697 2302 1771 laetitia
2356 1715 2428 1809 et
2467 1699 2675 1775 do'lor

556 1857 565 1863 ·
645 1838 882 1898 motus
944 1823 1173 1894 animi
1205 1831 1377 1892 sunt
1417 1822 1735 1892 maxime
1774 1825 1964 1892 inter
2000 1847 2077 1894 se
2143 1838 2667 1919 repugnanteS,

649 1949 955 2021 minime
992 1956 1243 2017 tamen
1318 1944 1692 2040 utriusque
1747 1944 2113 2043 discrepat
2176 1947 2663 2044 significatio;

644 2099 814 2146 nam
840 2094 1127 2144 summa
1165 2068 1419 2141 laetitia
1445 2066 1867 2141 inordinata
1904 2082 2015 2142 est
2033 2082 2107 2143 et
2141 2073 2664 2168 incomposita,

641 2180 880 2296 neque
956 2206 1209 2267 maesto
1254 2178 1257 2181 ’
1308 2190 1587 2265 homini
1674 2191 2060 2290 quisquam
2173 2194 2483 2269 similior
2555 2209 2667 2269 est

639 2345 862 2419 quam
919 2314 1139 2391 homo
1199 2317 1663 2389 laetisisimuS.
1714 2317 2111 2415 Itaqueeae
2132 2318 2435 2414 periodi,
2479 2346 2665 2419 qua-s

637 2458 868 2545 poetae
930 2456 1056 2516 aut
1107 2444 1364 2515 musici
1407 2440 1897 2515 adhibuerunt
1936 2455 2012 2515 ut
2051 2441 2391 2516 laetitiam
2430 2441 2662 2542 expri-

637 2583 939 2656 merent,
1002 2567 1095 2640 ad
1138 2578 1409 2638 certam
1465 2565 1701 2662 legem
1761 2566 2065 2664 astringi
2108 2592 2256 2640 non
2289 2584 2595 2665 possunt
2641 2604 2656 2643 :

635 2695 832 2795 quod
889 2707 999 2766 est
1040 2696 1116 2763 in
1157 2690 1498 2788 rhythmo
1563 2682 2357 2767 dochmiac0.deforme
2397 2710 2467 2767 et
2508 2707 2662 2768 tor-

632 2833 919 2894 tuosum
946 2828 998 2903 ¹,
1026 2830 1125 2901 et,
1171 2827 1249 2889 ut
1290 2820 1391 2886 ita
1437 2811 1708 2903 dicam,
1777 2814 2144 2905 claudum,
2199 2816 2657 2914 aptissimum

630 2956 740 3018 est
777 2942 870 3014 ad
911 2966 1075 3015 eam
1127 2938 1637 3013 confusionem
1663 2939 2239 3036 exprimendam.
2272 2941 2660 3041 Quaprop-

628 3084 736 3142 ter
772 3080 1003 3165 poetae
1033 3090 1181 3136 non
1250 3062 1762 3137 dubitaverunt
1822 3063 1949 3137 illo
1977 3090 2187 3138 versu
2209 3069 2309 3138 uti
2342 3069 2659 3164 quoties-

628 3216 926 3289 cunque
950 3194 1023 3261 in
1065 3194 1324 3262 animo
1345 3200 1499 3261 erat
1529 3192 1928 3261 maximam
1961 3188 2286 3263 laetitiam
2315 3204 2385 3263 et
2425 3191 2651 3264 animi

625 3316 1193 3391 exsultationem
1235 3311 1676 3410 significare.
2485 3298 2490 3304 ⁴

667 3456 671 3462 '
721 3442 831 3514 Ex
852 3442 941 3512 iis
981 3464 1151 3537 quae
1178 3435 1487 3510 diximus
1516 3435 1767 3534 colligi
1801 3463 2015 3536 posse
2041 3439 2325 3513 videtur
2362 3465 2648 3514 versum

622 3564 1137 3638 dochmiacum
1155 3564 1509 3660 aptiorem
1524 3586 1684 3635 esse
1706 3561 1794 3663 iis
1820 3563 2159 3636 cantibus
2180 3569 2305 3661 qui
2330 3588 2647 3655 commoe

620 3690 986 3778 dicuntur,
1023 3702 1148 3760 aut
1188 3685 1530 3760 cantibus
1562 3686 1960 3775 amoebaeis,
2012 3691 2369 3785 imprimis
2399 3702 2644 3785 autern

618 3811 987 3886 monodiis
1024 3837 1187 3910 quae
1217 3812 1409 3908 apud
1462 3811 1883 3908 Euripidem
1927 3835 2088 3884 cum
2124 3810 2450 3908 plurimae
2489 3825 2643 3886 tum

614 3936 1038 4035 agitationis
1079 3937 1531 4035 plenissimae
1561 3948 1754 4009 sunt.
2401 3920 2412 3931 ⁴
2629 3945 2636 3951 ’

675 4151 802 4201 ¹Cf.
834 4151 1163 4217 westphal,
1217 4152 1461 4214 ,nect-zm,
1516 4165 1577 4216 p.
1620 4151 1717 4214 760
1772 4168 1786 4202 ι
1837 4148 2012 4225 ῥυθμὸς
2065 4152 2293 4226 πλάγιος,
2343 4115 2674 4217 οωῑφιιιε,’

610 4236 928 4281 tortuosus,
964 4272 968 4277 .
