3092 4942
1380 550 1659 607 ..37-

619 701 907 764 Electrae
944 716 1094 780 1152
1125 723 1139 761 ε

676 850 906 961 σχετλίαι,
938 889 984 940 τί
1014 908 1092 958 με,
1125 889 1264 959 γύναι
1299 909 1311 953 ;

502 1060 830 1145 Troadum·
855 1080 1010 1142 244:

675 1253 765 1304 τίν’
795 1252 891 1323 ἄρα
916 1253 986 1313 τίς
1017 1251 1169 1323 ὲἋαχε
1196 1264 1211 1320 3
1241 1253 1287 1303 τί
1319 1254 1329 1319 Ι
1362 1270 1444 1306 να.
1532 1291 1544 1302 .
1621 1291 1633 1303 .
1726 1290 1740 1303 .

679 1352 729 1403 τί
751 1348 858 1421 τόδ’
891 1350 1071 1422 ἔλαχες
1100 1350 1195 1421 ἄρα
1216 1369 1319 1423 μοι.

597 1528 679 1601 Si
714 1530 933 1627 igitur
963 1527 1408 1601 attendimus
1445 1526 1825 1601 verborum
1867 1529 2292 1599 iterationes
2331 1506 2525 1624 apud

498 1653 921 1751 Euripidem
959 1652 1112 1724 fieri
1144 1652 1482 1725 solerein
1517 1650 1917 1738 monodiis,
1959 1667 2053 1740 et,
2102 1665 2180 1723 ut
2205 1676 2521 1727 summa·

494 1780 629 1849 tim
661 1776 1016 1865 dicamus,
1063 1781 1139 1848 in
1181 1776 1269 1849 iis
1327 1776 1574 1874 lyricis
1631 1775 1954 1872 partibus
1992 1801 2295 1874 quarum
2375 1801 2526 1848 una
2601 1824 2609 1833 ·

495 1915 623 1975 aut
662 1901 821 1974 duae
860 1925 1186 1998 personae
1216 1903 1608 1998 participes
1647 1915 1837 1987 sunt,
1906 1926 2031 1973 eas
2072 1915 2313 1974 autem
2374 1924 2523 1972 non

497 2030 574 2098 in
608 2025 1063 2099 dochmiacis
1128 2038 1412 2098 tantum
1455 2023 1798 2116 canticiS‚'
1866 2050 2111 2098 verum
2174 2029 2403 2115 etiam·
2448 2023 2520 2096 in

492 2144 823 2250 quolibet
891 2140 1122 2222 metro
1194 2148 1547 2237 accidere,
1648 2152 1708 2220 si
1769 2163 2108 2246 praeterea
2142 2206 2145 2208 v
2178 2163 2526 2222 notamus

495 2274 688 2347 hanc
779 2275 1271 2371 componendi
1363 2278 1723 2348 rationem
1802 2300 1965 2348 cum
2043 2274 2519 2348 resolutorum

491 2400 760 2494 pedum
802 2404 1039 2496 magis
1093 2414 1216 2473 aut
1255 2403 1497 2473 minus
1559 2397 1788 2496 longa
1853 2403 2038 2472 serie
2081 2423 2507 2496 congruere,

430 2511 434 2517 ’
493 2523 633 2597 hoc
694 2523 1169 2621 probabiliter
1209 2525 1687 2598 conficiemus
1734 2523 2089 2599 resolutos
2130 2523 2515 2597 dochmios

490 2648 914 2746 plerumque
954 2652 1285 2744 personis
1314 2648 1568 2731 tribuis
1625 2674 1751 2722 eos
1790 2661 2033 2723 autem
2076 2652 2200 2748 qui
2263 2674 2304 2721 a
2346 2647 2515 2721 cho·

490 2776 712 2846 reutis
786 2786 1148 2845 canuntur
1222 2773 1608 2846 rationalis
1689 2773 1944 2848 formae
2019 2799 2202 2862 esse,
2285 2776 2436 2845 sive
2481 2807 2513 2845 -ε

378 2904 387 2907 '
491 2933 534 2962 υ
556 2934 808 2978 --υ-,
838 2901 990 2970 sive
1033 2933 1045 2969 ε
1094 2936 1134 2965 ,υ
1162 2934 1202 2963 υ
1237 2935 1279 2964 υ
1306 2947 1351 2955 -
1379 2936 1421 2964 υ
1449 2948 1506 2973 —.
1543 2899 1762 2993 Quod
1794 2897 2087 2998 quidem
2122 2897 2516 2971 discrimen

487 3022 683 3118 apud
726 3021 1159 3118 AEschylum
1218 3049 1368 3095 non
1430 3022 1532 3111 fir,
1574 3024 1947 3121 propterea
1986 3022 2182 3122 quod
2222 3021 2517 3097 resoluti

486 3143 813 3219 dochmii
846 3150 921 3219 in
948 3146 1102 3243 ejus
1134 3147 1513 3244 tragoediis
1546 3153 1851 3221 rariores
1890 3162 2081 3235 sunt,
2150 3160 2223 3221 et
2293 3146 2518 3221 doch-

493 3272 731 3341 miaca
761 3269 1070 3357 cantica,
1144 3272 1643 3373 cujuscunque
1702 3252 2192 3357 formae'vsunt,
2258 3277 2505 3345 omnia

489 3392 635 3465 fere
662 3378 707 3464 ‘a
732 3394 1101 3469 chore'utis
1140 3409 1564 3488 canuntur¹.
1603 3397 1818 3494 Apud
1844 3397 2292 3494 Sophoclem
2317 3418 2532 3491 ver0‚·
2571 3398 2578 3403 ’

489 3512 915 3619 quanquam
953 3546 1044 3594 ne
1075 3523 1269 3619 apud
1321 3547 1486 3596 eum
1527 3523 1826 3623 quidem
1884 3523 2170 3620 plurimi
2226 3537 2516 3629 exstant

489 3642 782 3740 resoluti
815 3645 1160 3737 dochmii,
1197 3661 1446 3721 tamen
1488 3648 1822 3723 videntur
1860 3653 2100 3745 potius
2160 3650 2536 3745 persona-'

483 3794 639 3841 rum
692 3795 914 3869 quam
956 3772 1460 3846 choreutarurn
1492 3773 1831 3864 cantibus
1882 3773 2141 3846 tribui.·
2188 3774 2407 3847 Velut
2439 3778 2514 3846 ir.

484 3892 880 3994 Antigonae
922 3897 1126 3986 1262,
1171 3897 1310 3987 68,*
1338 3899 1460 3993 85,
1504 3919 1627 3991 9¹:
1674 3924 1932 3972 omnes
1955 3897 2251 3972 resoluti
2294 3898 2515 3972 doch-

551 4107 566 4136 ¹
594 4105 741 4156 Vide
768 4078 1175 4156 dochmiorum
1204 4107 1466 4157 tabulam
1499 4123 1560 4172 p.
1595 4120 1677 4158 20.
