3092 4942
1392 488 1678 544 ...21-

517 629 763 728 utitur,
811 638 1007 737 quod
1066 637 1267 713 nullo
1298 639 1525 713 altero
1586 637 1995 719 admixtum
2037 650 2164 723 est,
2198 632 2547 733 quemad-
2604 624 2611 631 ’

519 762 817 838 modum
848 767 927 835 in
961 763 1230 861 majo're
1261 762 1497 838 ultimi
1524 765 1914 836 commatis
1954 775 2183 858 parte,
2262 765 2333 832 in
2404 783 2552 855 quo

517 914 556 960 e
586 900 930 985 quattuor
968 889 1286 984 periodis
1307 901 1450 961 tres
1483 886 1940 960 dochmiacae
1980 899 2169 970 sunt,
2200 887 2431 981 prima
2478 895 2551 955 et

515 1017 731 1086 tertia
767 1026 842 1086 et
869 1027 1164 1111 quarta.
1232 1058 1233 1063 κ
1931 1111 1938 1117 η

611 1136 817 1209 lonis
886 1138 1217 1234 763-799
1305 1148 1539 1210 totum
1630 1140 2000 1209 canticum
2035 1188 2038 1189 ν
2103 1133 2549 1243 dochmiaco

516 1277 747 1336 metro
786 1260 1135 1359 scriptum
1178 1278 1329 1354 est3
1366 1288 1511 1335 una
1545 1260 1890 1359 periodus
1927 1272 2061 1348 est,
2134 1273 2204 1331 et
2252 1282 2342 1331 ea
2390 1259 2546 1355 qui-

516 1386 676 1459 dem
712 1386 1165 1474 brevisslma,
1213 1387 1287 1459 in
1320 1412 1467 1485 qua
1499 1413 1648 1461 non
1728 1384 2118 1461 adhibetur.
2156 1381 2335 1455 illud
2404 1406 2549 1454 me·
2670 1403 2673 1407 ’

422 1558 426 1563 -
478 1523 700 1585 'trum
739 1545 752 1601 ς
800 1538 961 1609 quae
991 1538 1031 1584 e
1061 1512 1358 1586 duobus
1387 1503 1781 1585 trochaicis
1821 1508 2286 1608 pentapodiis
2325 1530 2552 1579 cons-

512 1648 640 1724 tat,
680 1647 751 1707 et
791 1639 979 1708 inter
1022 1636 1468 1734 praecipuam
1517 1661 1904 1735 personam
1946 1646 2019 1706 et
2058 1618 2546 1731 paedagogum

512 1760 894 1857 dispertita
915 1771 1052 1834 est¹
1078 1819 1093 1832 .

612 1881 964 1982 Quod-ad
1010 1885 1669 1983 Helenae‘625-697
1730 1889 2068 1984 pertinet,
2116 1904 2544 1980 quanquam

513 2008 704 2097 nihilv
757 1994 997 2083 adhuc
1073 2011 1164 2082 de
1202 2015 1458 2083 -variis
1521 2010 1846 2095 dochmii
1907 2010 2156 2083 formis
2189 2031 2428 2105 neque
2454 2004 2545 2076 de

511 2112 1319 2232 dochmiffssis'periodis
1352 2140 1625 2226 notavi,
1660 2149 1910 2209 tamen
1952 2126 2547 2207 admonerevolo

512 2283 678 2331 earn
720 2237 1369 2358 person-armenius
1392 2236 1698 2333 affectus
1727 2243 2311 2334 vehementiores
2340 2267 2534 2347 sunt,

404 2412 406 2414 ’
509 2381 811 2455 alteram
853 2359 1041 2457 adeo
1068 2384 1555 2481 impellere,ut
1592 2385 1826 2463 forma
1863 2385 2328 2482 periodorum
2368 2408 2543 2481 quae

515 2505 934 2580 tribuuntur
971 2501 1318 2582 Menelao
1382 2508 1774 2583 definiatur
1835 2535 2082 2583 earum
2123 2507 2351 2581 forma
2382 2534 2547 2606 quae
2670 2547 2675 2553 ·

507 2630 602 2704 ab
645 2630 933 2705 Helena
964 2628 1352 2706 canuntur.
1424 2636 1678 2734 Itaque
1743 2634 2105 2708 nonnulla
2172 2645 2543 2707 commata

513 2754 840 2828 Menelai
883 2756 1197 2830 eandem
1237 2783 1461 2856 prope
1490 2759 1796 2832 formam
1839 2760 2115 2833 habent
2136 2772 2352 2856 atque
2396 2759 2541 2830 He-

510 2878 720 2967 lenae,
771 2906 916 2978 quo
954 2881 1038 2954 fit
1068 2897 1145 2954 ut
1186 2881 1260 2954 in
1321 2883 1763 2980 quibusdam
1795 2883 2124 2982 partibus
2160 2887 2540 2957 commati-

464 3049 469 3052 ·
506 3028 596 3076 ca
634 3004 865 3077 forma
905 3030 1054 3078 non
1088 2984 1392 3080 multum
1425 3008 1519 3081 ab
1561 2993 2092 3105 antistrophica
2132 3008 2359 3082 absit.
2425 3110 2430 3116 ι

608 3130 804 3202 Inter
871 3131 1258 3204 monodias
1322 3136 1503 3206 satis
1556 3137 1693 3206 erit
1745 3133 2058 3232 proferre
2111 3133 2537 3207 monodiam

506 3252 1031 3351 Polymestoris
1074 3259 1147 3328 in
1189 3257 1494 3330 Hecubae
1561 3259 2002 3353 1056-1108,
2093 3273 2164 3331 et
2221 3259 2542 3357 Jocastis

444 3393 450 3400 ·
505 3381 584 3449 in
636 3378 1581 3479 Phoenz‘ssarum301-354,
1620 3387 1694 3455 in
1736 3384 2002 3481 quibus
2057 3384 2335 3482 periodi
2376 3409 2540 3481 quae

505 3515 676 3576 sunt
717 3506 1148 3600 agitationis
1186 3506 1469 3603 plenaes
1530 3511 1707 3605 quia
1762 3512 1914 3582 sive
1971 3508 2319 3598 dolorem,
2386 3512 2538 3581 sive

504 3631 684 3700 iram
775 3620 1227 3725 exprimunt,’
1328 3629 1785 3706 dochmiacae
1870 3646 2066 3706 sunt.
2153 3633 2540 3708 Clamores

501 3755 702 3824 enim
734 3777 918 3851 quos
991 3753 1447 3851 Polymestor
1513 3757 2021 3854 desperatione
2102 3771 2227 3832 aut
2286 3757 2541 3832 dolore

390 3948 395 3951 .
502 3890 872 3973 permotus
897 3877 1166 3970 fundit,
1241 3896 1312 3954 et
1345 3895 1599 3955 maesta
1640 3882 1791 3972 illa,
1844 3886 2334 3983 quae·Jocaste
2389 3910 2536 3958 me-

439 4164 451 4179 ·
564 4081 580 4111 '
608 4080 832 4144 769-770·
