3092 4942
1409 580 1694 638 ...55-

512 752 713 803 resve
778 728 1078 827 syllabae
1116 728 1280 803 aliae
1332 729 1497 804 aliis
1549 732 1711 803 sine
1765 728 1919 803 ullo
1971 729 2226 804 ordine
2303 726 2541 826 impli-

514 865 696 928 catae
736 889 757 925 ς

648 1069 911 1106 υ-Ὰζυ
968 1069 1071 1097 ww
1128 1069 1505 1107 UQQu-.

515 1247 631 1315 sin
679 1258 920 1317 autem
961 1243 1108 1317 duo
1145 1247 1539 1318 continuos
1584 1244 1966 1318 dochmios
2007 1247 2109 1317 ita
2146 1234 2542 1348 variaveri-

517 1391 695 1453 πως,
732 1381 824 1445 ,ιη
864 1368 1140 1443 dictum
1179 1384 1311 1457 est,
1360 1395 1470 1442 eae
1529 1369 1832 1468 syllabae
1861 1368 2052 1442 aliae*
2092 1366 2188 1441 ab
2227 1367 2395 1442 aliis
2434 1370 2542 1439 sic

517 1492 990 1574 dinoscentur
1018 1528 1031 1566 ε
1498 1474 1503 1481 .

649 1698 940 1738 ύ--υυυ
996 1700 1107 1739 <su
1163 1700 1205 1739 ψ
1261 1711 1337 1746 Q
1394 1699 1471 1748 Q
1526 1702 1665 1751 ψ-ί,

471 1906 520 1973 ·.
616 1880 928 1981 Exquo
996 1884 1459 1959 manifestum
1521 1899 1645 1990 est
1670 1886 1871 1960 illam
1927 1869 2315 1984 longarum
2355 1883 2543 1971 Jbre-
2612 1934 2624 1946 ι

516 2008 860 2105 viumque
934 1990 1376 2107 syllabarum
1424 2015 1681 2084 seriem
1725 2015 1799 2083 in
1867 1998 2052 2085 duas
2094 2024 2334 2108 partes
2382 2030 2550 2082 esse⁴

518 2133 852 2222 divisam,
899 2126 1467 2233 uniuscujusque
1508 2135 1827 2207 mediam
1858 2150 2134 2233 partem
2166 2133 2542 2233 praecipuo

522 2273 832 2331 accentu
888 2262 1362 2357 conspicuam
1412 2283 1596 2346 esse,
1642 2282 2243 2357 unamquamque
2292 2270 2539 2331 autem

517 2407 761 2457 earum
805 2385 881 2455 in
935 2396 1078 2457 tres
1115 2396 1356 2481 partes
1403 2381 1801 2469 discedere,
1867 2409 2030 2457 cum
2098 2387 2175 2456 in
2213 2379 2541 2480 unaqua-

470 2584 478 2591 ,
518 2532 659 2606 que
691 2504 1064 2623 inferiores
1105 2506 1468 2581 accentus.
1512 2507 1847 2605 singulas
1880 2507 2204 2606 syllabas
2243 2509 2537 2604 conspi-

517 2658 691 2723 cuas
719 2630 1063 2706 efficiant.
1100 2633 1320 2725 Quod
1351 2631 1777 2706 accentibus
1825 2632 2236 2706 indicamus
2276 2656 2540 2705 canen-

518 2758 698 2830 tium
738 2756 1037 2831 vocibus
1082 2756 1499 2855 'expressius
1538 2756 2081 2855 dilucidiusque
2118 2755 2538 2831 illustraba-

448 2927 454 2933 ·
519 2896 649 2969 tur,
674 2881 798 2956 -ita
834 2895 912 2957 ut
951 2907 1117 2956 eam
1150 2880 1473 2954 brevium
1513 2886 1801 2969 seriem,
1847 2900 2020 2956 cum
2059 2881 2239 2954 nihil
2276 2906 2402 2981 per
2455 2905 2533 2953 se

521 3010 680 3106 ipsa
718 3019 934 3097 esset,
973 3007 1169 3079 modi
1210 3009 1619 3079 animosam
1646 3004 2099 3104 effingerent.

618 3128 799 3205 Eam
832 3133 1151 3230 denique
1178 3129 1498 3205 brevium
1536 3134 2133 3206 consecutionem
2170 3156 2322 3205 non
2345 3129 2539 3230 idem

523 3258 1025 3355 valereatque
1067 3280 1301 3356 unum*
1361 3255 2222 3345 resolutumdochmium
2290 3280 2379 3356 ex
2454 3278 2543 3329 eo

522 3397 850 3480 apparet,
893 3381 1089 3481 quod
1142 3405 1380 3479 neque
1445 3405 1610 3453 cum
1650 3383 1927 3455 iteratis
1963 3378 2233 3468 verbis,
2304 3404 2543 3477 neque
2595 3404 2602 3409 ·

522 3530 686 3580 cum
729 3503 1398 3604 monosyllaborum
1439 3517 1567 3578 aut
1604 3505 1862 3579 saltem
1903 3504 2236 3578 brevium
2275 3502 2546 3577 verbo-

523 3654 677 3705 rum
742 3635 950 3720 serie,
1024 3655 1279 3728 neque,
1354 3634 1677 3727 exceptis
1749 3628 2034 3703 duobus
2090 3627 2323 3718 locis¹,
2373 3651 2542 3701 cum

521 3748 760 3831 verbis
833 3755 1165 3829 similiter
1227 3753 1811 3829 consonantibus
1868 3757 2229 3852 congruit.
2317 3753 2543 3846 Quod

522 3885 795 3956 scimus
860 3905 1081 3979 prope
1146 3905 1430 3978 semper
1492 3883 1811 3964 evenire,
1866 3882 2270 3977 praesertim
2349 3876 2543 3976 apud

582 4142 597 4171 ¹
624 4139 773 4190 Vide
794 4137 1324 4203 Herculi-§faventis
1346 4152 1441 4188 vv.
1472 4137 1582 4200 876,
1609 4136 1753 4188 1180.
