3092 4942
1479 632 1763 691 ...20-

604 792 719 852 tus
796 783 871 852 in
913 782 1182 878 quibus
1251 770 1773 883 antistrophiea
1812 786 2042 860 forma
2117 789 2451 864 adhibita
2488 802 2623 864 est'.

607 906 801 978 Inter
841 907 1229 979 monodias
1294 907 1692 984 referendae
1732 926 1925 1013 sunt,
1979 917 2054 984 in
2109 915 2411 1007 Alceste,
2474 917 2627 990 Eu-

600 1030 770 1101 meli
880 1031 1229 1105 monodia
1299 1044 1346 1123 ¹,
1409 1038 1484 1105 in
1567 1032 1968 1136 Troadibus
2004 1034 2094 1110 ea
2162 1064 2323 1136 quae
2371 1065 2415 1111 a
2474 1040 2622 1115 Cas

598 1154 871 1226 sandra
937 1170 1304 1230 canuntur
1396 1160 1808 1258 (308-340)
1872 1172 1921 1233 ⁸.
2021 1162 2444 1237 Notandum
2511 1179 2621 1239 est

598 1279 983 1352 dochmios
1015 1285 1092 1352 in
1136 1278 1281 1354 hac*
1318 1283 1669 1357 monodia
1692 1288 1995 1358 rariores
2025 1312 2208 1361 esse.

691 1407 994 1479 Plurimi
1035 1425 1288 1479 contra
1353 1420 1524 1480 sunt
1592 1409 1979 1507 astrophici
2059 1416 2210 1484 sive
2268 1413 2616 1489 amoebaei

589 1546 849 1604 cantus
881 1536 1032 1605 sive
1074 1533 1458 1620 monodiae‚
1510 1533 1882 1631 inquibus
1920 1541 2372 1632 reperiuntur
2431 1538 2612 1613 mul·

587 1669 676 1728 tae·
722 1654 795 1728 et
839 1657 1209 1753 longiores
1261 1656 1710 1731 dochmiacae
1741 1643 2046 1755 periodi.
2085 1661 2272 1734 Cum
2315 1688 2610 1736 necesse

585 1807 735 1853 non
769 1785 862 1853 sit
898 1807 1156 1854 omnes
1196 1781 1553 1880 proferre³,
1599 1786 1954 1882 quosdam
2002 1790 2181 1858 satis
2220 1790 2355 1859 erit
2417 1812 2607 1869 com-
2673 1788 2682 1793 ν

519 1941 522 1944 ’
583 1885 1025 1992 memorare.
1074 1907 1166 1979 de
1238 1906 1504 2004 quibus
1587 1934 1820 2003 pauca
1890 1910 2317 2007 explicandi
2385 1938 2652 2001 causa,

580 2033 896 2130 adjicere
915 2031 1191 2105 licebit.

681 2159 762 2230 In
840 2158 1361 2230 Andromachae
1460 2159 1842 2255 (825-865)
1937 2160 2304 2235 amoebaeo
2378 2175 2601 2236 cantu
2659 2147 2664 2151 ’

586 2272 1124 2356 Hermionae'et
1157 2283 1479 2355 Nutricis
1510 2284 1559 2353 ii
1600 2283 1825 2355 animi
1869 2299 2106 2357 motus
2154 2285 2280 2383 qui'
2310 2286 2597 2359 adhibi-

573 2407 665 2480 t'is
704 2406 1069 2480 dochmiis
1091 2412 1593 2503 exprimuntur
1628 2432 1717 2480 eo
1785 2413 2023 2505 magis
2080 2410 2598 2506 significantur

384 2494 388 2500 Ι
485 2609 489 2613 ,
573 2532 768 2630 quod
798 2531 1069 2628 puella,
1104 2536 1334 2628 primo
1367 2535 1543 2604 satis
1601 2531 1912 2628 placida,
1990 2534 2327 2629 periodos
2371 2536 2594 2627 ‚canit

571 2663 647 2730 in
680 2656 945 2756 quibus
1008 2654 1327 2729 dochmii
1398 2655 1724 2753 pluribus
1787 2656 2053 2731 iambis
2119 2670 2243 2732 aut
2308 2659 2592 2760 choreis⁵

567 2788 814 2857 metris
844 2795 1189 2879 praestant
1223 2815 1236 2872 3
1287 2780 1632 2877 denique,
1689 2808 1853 2856 cum
1916 2782 2314 2857 Hermione
2351 2783 2592 2859 ‘vehe-

565 2911 1017 3001 mentissime
1058 2911 1494 3003 exagitatur,
1560 2905 1816 2978 ultima
1874 2920 2241 2980 commata
2306 2908 2586 2983 nullum
2677 2976 2678 2981 ,

561 3034 785 3107 alium
816 3031 1076 3128 pedem
1108 3022 1504 3103 admittunt
1535 3056 1758 3128 quam
1794 3029 2332 3105 dochmiacum.

660 3162 742 3232 In
760 3156 1120 3231 Herculis
1127 3155 1469 3253 furentis
1508 3157 1597 3251 87
1607 3173 1810 3250 5-921
1865 3134 2223 3252 diplasica
2247 3170 2318 3229 et
2348 3156 2583 3230 doch-

564 3287 803 3357 miaca
838 3288 1072 3355 'metra
1125 3306 1330 3380 aequa
1360 3278 1881 3377 propemodum
1913 3284 2335 3380 portionea
2374 3285 2574 3378 prin-

555 3413 747 3505 cipio
774 3433 1002 3504 usque
1042 3406 1138 3477 ad
1163 3405 1384 3478 finem
1424 3417 1617 3494 sunt,
1666 3403 1790 3476 sed
1832 3417 1911 3476 ut
1940 3403 2229 3476 habitus
2269 3417 2341 3477 et
2371 3404 2576 3478 color

552 3547 811 3607 cantus
848 3533 993 3629 jam
1029 3557 1071 3603 a
1109 3533 1360 3626 primis
1398 3520 1637 3602 verbis
1676 3532 1854 3601 satis
1913 3528 2279 3601 manifesti
2358 3553 2575 3627 appa-

551 3675 778 3747 reant,
828 3671 1044 3754 poeta
1070 3660 1144 3728 in
1186 3660 1418 3753 primo
1455 3636 1817 3729 commate
1848 3654 2286 3728 doehmiaco
2343 3667 2571 3729 metro

607 3886 620 3915 ¹
652 3883 887 3934 Nullum
916 3883 978 3931 in
1007 3882 1117 3932 hoo
1147 3881 1371 3930 cantico
1391 3880 1727 3935 dochmium
1754 3878 2067 3943 Westphal
2081 3878 2266 3931 videt.
2299 3878 2376 3930 V.
2403 3879 2487 3932 R.
2514 3883 2572 3929 et

605 3966 623 3977 .
831 3965 841 3975 .
880 3966 898 3995 ,

542 3964 1175 4108 vv¹‘Dnged:xltlics‘t'rophioa
1202 4041 1493 4090 monodiae
1524 4040 1715 4089 forma
1740 4039 1873 4089 vide
1896 4039 2214 4089 Deoharme
2246 4054 2260 4088 ι
2293 4037 2568 4103 Euripide

494 4170 503 4177 .
541 4129 596 4176 et
621 4123 833 4188 l'esprit
860 4123 928 4172 de
951 4137 1055 4172 son
1076 4121 1316 4181 theatro,
1346 4135 1409 4186 p.
1445 4121 1561 4172 532.

598 4208 615 4237 ³
646 4204 720 4255 V.
753 4201 1089 4268 Westphal,
1114 4200 1392 4261 Schmidt,
1418 4200 1702 4251 Christ...
