3092 4942
1485 582 1660 636 φ-34
1702 562 1786 621 -’

615 728 938 818 resoluti,
995 753 1297 824 quorum
1332 732 1641 827 quisque
1659 756 1821 804 cum
1849 731 2226 807 verborum
2258 735 2641 808 iteratione
2695 775 2704 783 ·

611 853 1047 950 conjunctus
1072 866 1212 939 est,
1251 854 1364 926 vel
1406 880 1568 927 cum
1603 855 1966 929 similibus
2005 858 2287 930 verbis:

786 1062 984 1131 κάταγε,
1018 1062 1216 1131 κάταγε,
1244 1061 1436 1131 πρόσιθ’
1468 1063 1478 1127 Ι
1514 1059 1725 1132 ἀτρέμας
1761 1060 1974 1133 ἀτρέμας
2000 1062 2087 1115 ἰ’θι’
2123 1066 2133 1128 Ι

783 1157 934 1230 λόγον
964 1156 1144 1220 ἀπόδος
1173 1155 1244 1229 ἐφ’
1276 1156 1305 1211 ὅ
1332 1177 1377 1211 τι
1409 1161 1419 1227 Ι
1451 1160 1601 1230 χρέος
1633 1156 1838 1231 ἐμόλετέ
1863 1178 2006 1216 ποτε.

705 1360 898 1452 Quae
974 1364 1157 1432 ratio
1217 1359 1409 1455 apud
1472 1360 1894 1457 Euripidem
1955 1361 2140 1435 adeo
2219 1350 2506 1460 praestat
2547 1380 2629 1438 ut

603 1509 1138 1581 nonnunquam
1175 1488 1247 1556 in
1290 1484 1586 1581 stropha
1655 1511 1844 1559 unus
1885 1486 1999 1558 vel
2042 1487 2281 1584 plures
2334 1481 2626 1563 resoluti

600 1612 915 1687 dochmii
972 1616 1139 1698 sint,
1190 1616 1313 1710 qui
1355 1638 1516 1685 cum
1561 1617 1838 1686 iteratis
1887 1614 2120 1688 verbis
2165 1628 2601 1712 congruunt,

602 1738 673 1810 in
712 1735 1169 1833 antistropha
1208 1751 1476 1826 autem,
1529 1742 1590 1808 si
1635 1737 1837 1810 nulla
1875 1755 1981 1811 est
2039 1739 2431 1813 verborum
2483 1746 2625 1815 ite—

596 1867 801 1950 ratio,
872 1861 1254 1935 dochrnius
1328 1878 1454 1935 aut
1507 1862 1830 1935 dochmii
1910 1864 2056 1938 sint
2102 1864 2347 1937 formae
2406 1862 2626 1938 ratio-

600 1990 825 2062 nalis:
866 1988 1055 2062 velut
1096 1990 1450 2061 Troadum
1520 1990 1853 2083 308-340
1892 1989 2188 2086 stropha
2219 2017 2264 2064 a
2312 1991 2621 2065 dimetro

564 2100 1031 2189 ’dochmiaco
1072 2115 1347 2211 incipit3
1397 2113 1601 2211 cujus
1622 2118 1814 2211 prior
1844 2113 2226 2187 dochmius
2258 2114 2618 2191 resolutus

591 2256 725 2333 est,
774 2265 936 2314 curn
979 2244 1072 2312 sit
1111 2239 1487 2312 verborum
1523 2243 1811 2341 iteratio
1862 2274 1874 2311 :

768 2447 915 2519 ἄνεχε
937 2448 1143 2518 πάρεχε,
1176 2451 1278 2516 φῶς
1314 2468 1325 2511 ;

537 2651 541 2654 ’
592 2616 793 2700 nulla
833 2641 1085 2700 contra
1114 2640 1281 2701 suut
1336 2631 1411 2698 in
1444 2625 1898 2723 antistropha
1931 2630 2185 2699 iterata
2244 2624 2482 2712 verba,
2542 2636 2615 2698 et

590 2751 975 2826 dochmius
1001 2752 1293 2824 solitam
1337 2751 1559 2823 habet
1589 2749 1891 2825 formam
1931 2785 1944 2823 :

764 2959 921 3010 πάλλε
950 2957 1060 3011 πόδ’
1095 2954 1322 3028 αἰθέριον.

587 3164 808 3257 Quod
850 3164 1108 3237 attinet
1165 3146 1257 3236 ad
1297 3162 1600 3234 alterum
1643 3159 2156 3233 dochmiacum
2213 3161 2618 3232 dimetrum

585 3305 838 3360 contra
868 3292 1141 3376 evenit,
1184 3272 1348 3361 oum
1379 3291 1453 3358 in
1486 3284 1783 3382 stropha
1824 3310 1973 3359 non
1999 3284 2358 3358 resolutus
2388 3283 2608 3357 doch·
2695 3282 2704 3287 ’

585 3418 773 3486 mius
811 3412 920 3499 sit,
973 3438 1211 3510 neque
1250 3414 1395 3519 sint
1437 3413 1622 3484 ineo
1663 3408 1824 3483 loco
1852 3414 2111 3483 iterata
2139 3408 2356 3482 verba
2388 3441 2400 3479 :

758 3621 891 3690 φέρε·
918 3621 1068 3690 σέβω,
1101 3620 1268 3690 φλέγω
1304 3641 1314 3683 ;

580 3805 652 3878 in
694 3805 1153 3902 antistropha
1192 3818 1459 3895 autern,
1488 3802 1612 3877 ubi
1636 3816 1805 3879 sunt
1837 3807 2094 3876 iterata
2119 3801 2360 3889 verba,
2409 3823 2600 3872 reso·

579 3931 897 4004 lutusest
938 3930 1364 4004 dochmius:
2345 3930 2352 3935 ’
2427 3926 2432 3934 '

754 4135 893 4206 ἄναγ’
924 4135 1070 4207 ἄναγε
1099 4133 1274 4207 χορόν.
