3092 4942
1503 533 1786 592 ...80-

612 682 1132 785 tranquilliora
1170 686 1375 772 fiant,
1422 685 1612 763 adeo
1646 700 1722 759 ut
1754 690 1829 758 in
1863 685 2383 758 demissionem
2419 709 2649 783 quan·

625 811 795 911 dam
837 825 909 885 et
961 809 1443 907 abjectionem
1487 809 1865 883 desinant.
1929 811 2171 882 Prima
2211 834 2377 908 pars
2408 806 2653 904 epodi-

620 964 728 1008 1·ae
817 935 1091 1032 periodi
1182 934 1487 1008 affectus
1575 939 2160 1032 progressionem
2207 992 2223 1023 ‚
2317 931 2654 1006 secunda

626 1073 869 1134 autern
915 1064 1477 1156 regressionem,
1523 1062 1737 1132 tertia
1776 1057 2096 1156 denique
2124 1057 2278 1154 ejus
2310 1058 2655 1154 abjectio-

628 1209 795 1257 nem
828 1187 1201 1280 aptissime
1238 1188 1684 1281 exprimunt.
1746 1184 2003 1280 ltaque
2049 1207 2493 1280 quanquam,
2577 1194 2657 1252 ut

629 1334 799 1381 vera
845 1307 1110 1389 dicam,
1184 1307 1631 1381 saltantibus
1686 1308 2054 1384 choreutis
2123 1333 2270 1381 non
2340 1309 2653 1378 omnino

615 1435 1112 1530 denegantur,
1161 1422 1410 1506 tamen
1470 1458 1596 1506 eas
1654 1433 2099 1507 orchesticas
2176 1432 2425 1504 haberi
2505 1456 2654 1503 non

619 1558 827 1648 'licet3
896 1556 1282 1630 melodicae
1342 1573 1535 1632 certe
1593 1572 1765 1632 sunt
1830 1572 1900 1630 et
1964 1557 2059 1629 ad
2135 1555 2657 1654 exprimendos

628 1686 1040 1756 animorum
1115 1681 1419 1785 affectus
1486 1681 1682 1755 haud
1761 1686 2004 1754 minus
2055 1695 2242 1779 aptae
2292 1705 2511 1778 quam
2553 1705 2657 1752 eae

629 1833 795 1904 quae
833 1833 872 1879 e
904 1806 1199 1902 paribus
1240 1806 1583 1880 membris
1620 1819 1988 1880 constant.
2037 1805 2375 1878 Ceterum
2407 1807 2658 1902 omnia

616 1957 791 2030 quae
828 1931 1026 2005 dicta
1056 1944 1223 2004 sunt
1254 1955 1341 2004 eo
1370 1929 1991 2004 confirmarelicet
2021 1929 2217 2028 quod
2235 1928 2658 2027 plerumque

629 2060 707 2127 in
739 2056 1083 2128 cantibus
1129 2054 1435 2154 quoram
1468 2070 1670 2129 actor
1705 2058 2040 2129 scenicus
2114 2060 2475 2151 particeps
2550 2067 2657 2126 est

631 2186 742 2277 (in
817 2180 1088 2278 quibus
1154 2180 1382 2254 multo
1461 2181 1701 2277 plures
1776 2194 1944 2253 sunt
2013 2206 2173 2277 quae
2239 2203 2283 2251 a
2349 2202 2658 2276 persona

523 2371 531 2378 .
620 2331 850 2403 quarn
920 2331 1081 2403 quae
1147 2328 1190 2377 a
1281 2306 1647 2379 choreutis
1743 2308 2155 2397 canuntur),
2266 2306 2656 2401 praesertim

633 2434 710 2501 in
752 2429 1130 2503 amoebaeis
1160 2431 1499 2505 cantibus
1559 2446 1683 2505 aut
1726 2436 1802 2504 in
1864 2418 2235 2502 monodiis
2297 2425 2655 2525 reperiun-

621 2569 766 2627 tur.
815 2554 999 2647 Quae
1037 2562 1259 2629 causa
1290 2568 1397 2628 est
1438 2580 1564 2630 cur
1599 2581 1725 2629 eas
1764 2559 2156 2651 separatim
2200 2552 2659 2626 considerare

626 2678 1014 2775 placuerit.

731 2824 996 2904 Earum
1064 2832 1522 2929 periodorum
1599 2831 1904 2908 formam
1975 2857 2123 2903 non
2190 2843 2303 2902 est
2364 2828 2657 2902 difficile

623 2956 1017 3050 percipere,
1094 2960 1153 3026 si
1222 2981 1311 3028 ex
1362 2956 1644 3029 ‘iambis
1708 2969 1833 3029 aut
1897 2953 2230 3026 trochaeis
2271 2965 2651 3041 constant;

624 3077 799 3151 licet
837 3074 1035 3152 enim
1088 3106 1127 3153 e
1181 3080 1669 3154 membrorum
1726 3079 1956 3152 forma
2008 3058 2450 3176 cognoscere
2483 3100 2656 3149 num

629 3228 856 3276 unum
924 3222 1017 3277 ex
1081 3204 1195 3277 his
1265 3206 1609 3279 membris
1646 3205 2046 3302 proodicon
2096 3217 2220 3276 aut
2293 3204 2656 3299 epodicon

632 3306 883 3400 haberi
942 3331 1204 3425 possit.
1279 3328 1481 3402 Satis
1537 3343 1646 3402 est
1701 3332 1898 3402 enim
1958 3327 2243 3400 duobus
2315 3325 2660 3400 membris

632 3431 1143 3548 magnitudine
1183 3452 1480 3550 paribus
1540 3458 1832 3541 tertium
1877 3453 2275 3525 membrum
2320 3451 2428 3525 vel
2490 3451 2659 3524 lon-

628 3578 797 3672 gius
835 3576 947 3649 vel
978 3577 1264 3651 brevius
1304 3602 1461 3650 esse
1492 3577 2176 3674 adjunctum.Veiut
2212 3581 2287 3648 in
2315 3575 2454 3649 hac
2493 3577 2661 3651 Me-

629 3700 775 3772 dece
839 3703 1134 3797 periodo
1196 3706 1582 3798 (410·445,
1644 3717 1768 3776 str.
1827 3703 1910 3793 B,
1961 3703 2086 3797 ΙΙ),
2137 3728 2306 3799 (μεε-
2341 3728 2380 3775 e
2424 3701 2661 3775 tribus

633 3825 977 3900 membris
1016 3838 1328 3915 constat,
1398 3852 1546 3900 non
1624 3827 1926 3901 dubium
1986 3844 2093 3899 est
2135 3830 2315 3925 quin
2368 3830 2660 3900 tertium

620 3948 995 4045 epodicon
1035 3951 1457 4026 habendum
1498 3956 1593 4025 sit
1635 3987 1648 4025 ε

2903 4554 2946 4629 :n-
2947 4496 2958 4507 ι

2955 4560 2976 4609 ¹!
