3092 4942
1350 654 1759 712 ...19-.

482 804 925 881 dochmiaco
977 819 1207 885 metro
1232 792 1535 883 canunt.
1567 806 1720 880 Sed
1746 785 2054 881 affectus
2093 806 2319 880 animi
2364 831 2512 878 ma·
2550 880 2562 889 „

484 935 603 1030 gis
658 934 736 1005 in
776 932 937 1005 dies
985 930 1158 1011 facti
1194 945 1387 1031 ,sunt
1432 946 1905 1031 personarum
1972 934 2259 1031 proprii,
2326 930 2513 1004 adeo

487 1069 566 1129 ut
629 1057 972 1131 extremis
1029 1059 1269 1155 quinti
1329 1056 1576 1129 saeculi
1644 1054 1861 1128 annis
1922 1055 2117 1130 solas
2166 1080 2513 1154 personas

485 1183 922 1278 exagitent&
1029 1181 1283 1281 Itaque
1350 1199 1498 1279 quo
1567 1182 1887 1278 tragicus
1951 1180 2216 1254 chorus
2273 1185 2517 1254 minus

488 1309 736 1403 gravis
804 1288 1054 1394 fiebat,
1131 1330 1221 1379 eo
1290 1309 1536 1381 minus
1593 1304 1843 1402 magni
1913 1305 2263 1380 momenti
2321 1305 2518 1379 illius

488 1433 787 1505 cantica
832 1444 1071 1509 erant.
1131 1442 1203 1507 et
1241 1429 1339 1503 ob
1399 1428 1714 1503 eandem
1769 1455 2067 1504 causam
2127 1450 2280 1529 'quo
2318 1442 2522 1502 actor
2600 1469 2622 1487 ·

436 1655 441 1659 ¹
490 1559 829 1631 scenicus
895 1553 1201 1653 majores
1264 1558 1339 1628 in
1414 1552 1668 1660 fabula
1728 1569 1966 1652 partes
2040 1553 2513 1653 suscipiebat,

488 1679 717 1754 choro
756 1682 924 1778 ipsi,
957 1679 1153 1778 quod
1193 1679 1290 1755 ad
1340 1682 1695 1752 musicam
1740 1682 2023 1769 attinet,
2090 1678 2515 1777 praestabat.

494 1806 750 1905 Itaque
812 1803 1007 1902 apud
1053 1803 1473 1903 Euripidem
1515 1803 1842 1903 plerique
1888 1804 2211 1878 dochmii
2264 1802 2359 1877 ad
2409 1803 2525 1876 fa—

448 2000 455 2008 .
493 1928 684 2003 bulae
723 1940 1006 2002 actores
1036 1932 1431 2027 pertinent.
1483 1930 1566 2002 In
1606 1928 1973 2027 plerisque
2012 1931 2321 2001 commis
2370 1953 2524 2024 per-

494 2079 707 2142 sona,
743 2079 894 2127 non
945 2053 1234 2140 choruS,
1273 2056 1508 2127 canit.
1556 2051 1747 2126 Vide
1770 2052 2182 2152 Hippolyti
2208 2053 2289 2127 81
2315 2052 2530 2147 1-834

501 2182 861 2275 (commos
903 2191 1012 2252 est
1050 2177 1250 2255 chori
1305 2191 1377 2249 et
1426 2176 1751 2274 Thesei),
1801 2176 1876 2250 in
1918 2204 2066 2277 quo
2097 2157 2336 2274 ’major
2364 2200 2537 2274 pars-

497 2302 1003 2377 dochmiorum
1035 2301 1325 2379 Theseo
1355 2301 1626 2375 tributa
1655 2315 1790 2390 est,
1838 2304 2145 2377 Hecubae
2172 2301 2520 2398 636-720,

495 2427 862 2502 Herculis
929 2424 1266 2511 furentis
1351 2426 1793 2522 1042-1085,
1894 2431 1970 2499 in
2031 2452 2178 2525 quo
2232 2425 2529 2523 quidem

496 2552 825 2637 dochmii
861 2577 951 2625 ex
981 2576 1200 2650 aequo
1240 2548 1766 2649 propemodum
1809 2554 1998 2634 inter
2034 2553 2423 2626 choreutas
2461 2564 2547 2626 et*

397 2753 401 2759 ,
498 2698 885 2776 personam
909 2676 1269 2772 dispertiti
1300 2686 1494 2762 sunt,
1524 2674 2093 2749 Phoem'ssarum
2121 2694 2482 2771 1340·135
2500 2702 2523 2748 1

497 2799 851 2899 (doch'mii
922 2800 1190 2874 Creoni
1273 2798 1532 2873 'tributi
1596 2803 1828 2898 sunt),
1877 2799 2181 2875 Orestis
2230 2821 2531 2898 14o·2o7

503 2924 860 3023 (dochmii
892 2924 988 2997 ab
1013 2924 1303 2998 Electra
1321 2925 1745 3020 canuntur).
1786 2925 1869 2997 In
1899 2950 2189 2999 commo
2214 2925 2536 3023 ejusdem

499 3049 775 3124 fabulae
824 3051 949 3148 qui
1015 3061 1125 3122 est
1199 3047 1530 3137 Electrae,
1610 3050 1838 3141 chori,
1916 3048 2229 3123 Helenae
2285 3029 2538 3148 (1246-

500 3174 756 3272 4310),
822 3198 986 3247 cum
1026 3176 1293 3270 viginti
1334 3176 1483 3247 sint
1523 3173 1872 3261 dochmii,
1952 3155 2538 3273 quattuordecim

504 3279 817 3373 Electrae
857 3297 1107 3373 tributi
1140 3310 1334 3387 sunt,
1383 3297 1649 3372 chorus
1692 3322 1864 3384 vero
1904 3323 2055 3372 non
2091 3298 2258 3397 ‚plus
2319 3325 2539 3397 quarn

505 3449 635 3498 sex
685 3422 1069 3496 dochmios
1145 3418 1373 3494 canit.
1447 3420 1598 3495 Sed
1646 3427 1724 3497 in
1790 3422 2166 3497 amoebaeis
2232 3427 2543 3499 canticis

450 3630 459 3637 ,
504 3550 907 3646 praesertim
946 3560 1020 3619 et
1071 3549 1147 3620 in
1202 3547 1571 3620 monodiis
1605 3550 1999 3644 aptissime
2068 3547 2531 3636 adhibentur,

507 3674 865 3768 imprimis
932 3674 1009 3743 in
1076 3674 1169 3770 iis
1205 3658 1368 3769 quae
1423 3697 1514 3745 ex
1591 3671 1992 3769 imparibus
2056 3673 2546 3749 commatibus

509 3807 887 3869 constant.
986 3796 1327 3871 Ceterum
1412 3820 1886 3894 personarum
1946 3798 2380 3901 cantilenae,
2469 3803 2547 3872 in

443 4018 451 4025 ·
510 3918 778 4017 quibus
810 3932 1037 4016 'poeta
1090 3920 1621 4019 antistrophica
1669 3922 1904 3994 forma
1942 3948 2118 3996 usus
2155 3936 2286 4011 est,
2336 3927 2549 3996 raris-

438 4116 441 4121 ,
508 4046 717 4117 simae
757 4056 925 4118 sunt
954 4077 968 4136 ς
1003 4048 1441 4141 paucissimi
1476 4070 1772 4144 quoque
1808 4059 1978 4120 sunt
2010 4046 2344 4120 amoebaei
2379 4073 2551 4122 can-

577 4247 591 4291 ¹,
632 4245 781 4298 Vide
800 4247 961 4300 Weil
987 4264 1001 4297 ε
1032 4247 1275 4299 Journal
1301 4249 1400 4299 des
1425 4247 1669 4301 Savants
1689 4248 1832 4316 (mai
1847 4254 1904 4300 et
1922 4249 2055 4314 juin
2080 4249 2241 4315 1896).
2318 4268 2322 4273 ·
