3092 4942
1166 506 1714 596 ‘-„39..*

470 693 698 762 vitate
738 703 810 762 et
852 688 1209 786 dignitate
1227 689 1592 787 dejicitur,
1655 692 1760 761 sic
1823 713 2291 785 personarum
2333 712 2507 784 gra—

472 812 694 904 vitaS‚‚
754 808 949 913 q'uod
1043 813 1137 886 ad
1200 808 1589 891 ‘musicam¹
1665 818 1995 911 pertinet,
2083 813 2313 910 major
2368 812 2502 901 fit;

471 942 737 1036 itaque,
789 964 952 1012 cum
997 937 1488 1012 vehementior
1528 942 1603 1010 in
1645 938 1800 1012 dies
1851 939 2000 1026 fiat,
2072 963 2385 1037 cumque
2424 963 2510 1010 ex

471 1064 702 1139 altera
725 1082 926 1160 parte
964 1089 1052 1137 ea
1092 1090 1253 1161 quae
1293 1068 1369 1136 in
1402 1067 1684 1137 musica
1722 1078 1999 1137 mutata
2048 1077 2216 1136 sunt
2258 1062 2511 1160 rhyth-

472 1213 673 1272 mum
724 1188 1158 1262 velociorem
1214 1201 1288 1279 et
1325 1188 1760 1284 rapidiorem
1813 1187 2132 1279 fecerint,
2159 1187 2515 1261 resolutus

473 1314 860 1407 doch-mins
918 1314 1197 1412 semper
1244 1301 1389 1389 fere
1439 1319 1542 1387 in·
1584 1339 2049 1411 personarum
2128 1312 2517 1388 cantilenis

470 1437 882 1517 adhibetur.
967 1439 1160 1512 Nolo
1214 1463 1483 1535 negare
1533 1438 1760 1511 ullum
1815 1443 2103 1535 reperiri
2158 1443 2233 1511 in
2301 1440 2513 1512 stasi-
2563 1488 2570 1494 η

473 1567 610 1636 mis
649 1597 662 1654 ;
707 1577 879 1661 sunt
918 1567 1144 1637 enim*
1188 1562 1543 1645 nonnulli,
1600 1567 1780 1660 quin
1819 1568 2038 1637 ctiam
2085 1563 2325 1661 plures
2389 1587 2519 1659 pro
2582 1591 2585 1594 ·

434 1753 451 1789 x
470 1693 807 1788 portione
848 1673 1073 1788 quam
1110 1689 1187 1760 in
1229 1689 1470 1761 choris
1532 1688 1873 1786 AEschyli
1907 1701 2028 1761 aut
2090 1686 2513 1784 Sophocli8‚

470 1813 600 1886 sed
644 1839 791 1886 non
850 1828 958 1886 est
1019 1813 1601 1887 obliviscendum
1663 1831 1958 1915 septem·
1999 1827 2283 1886 tantum
2353 1813 2521 1884 AEs·

472 1937 691 2036 chyli‚
739 1953 1016 2035 septem
1059 1936 1453 2035 Sophoclis
1506 1937 1791 2010 fabulas
1834 1937 1929 2009 ad
1972 1952 2292 2012 nostram
2340 1950 2521 2011 aeta—

469 2079 617 2138 tem
712 2067 1162 2160 pervenisse,
1261 2088 1428 2135 cum
1547 2050 1916 2159 Euripidis
1999 2061 2519 2159 septemdecim

470 2189 911 2261 habeamus.
968 2187 1377 2260 Dochmius
1416 2187 1778 2260 resolutus
1815 2211 1975 2260 raro
2017 2191 2093 2258 in
2134 2186 2522 2261 Choreuta-

472 2338 629 2387 rum
684 2311 1026 2410 partibus
1065 2311 1462 2384 adhibetur
1499 2302 1574 2383 et
1616 2311 2194 2398 animadvertere
2229 2290 2403 2387 licet
2444 2315 2519 2382 in

462 2419 673 2511 chori
736 2434 1046 2509 canticis
1112 2434 1456 2532 periodos
1497 2461 1668 2534 quae
1744 2439 1964 2508 unice
2038 2451 2164 2508 aut
2203 2439 2520 2509 maxime

456 2562 809 2661 resolutis
829 2560 1193 2634 dochmiis
1223 2574 1562 2634 constent
1580 2560 1986 2633 rarissimas
2017 2584 2175 2633 esse
2205 2558 2262 2632 si
2296 2556 2520 2633 'modo

465 2687 641 2763 ullae
684 2690 855 2774 sint,
896 2686 1037 2759 hoc
1067 2698 1308 2758 autem
1376 2688 1775 2782 saepissime
1833 2683 2177 2788 accidere·
2225 2688 2303 2756 in
2358 2711 2520 2781 per-

470 2835 815 2885 sonarum
879 2810 1295 2884 cantilenis,
1346 2812 1507 2883 Hoc
1573 2835 1868 2908 quoque
1912 2810 2319 2883 notandum
2379 2825 2506 2893 est,

468 2937 978 3035 plerorumque
1052 2935 1252 3008 chori
1316 2947 1664 3009 cantuum
1725 2939 1801 3006 in
1843 2934 2111 3032 quibus
2157 2911 2519 3031 ejusmodi

470 3057 792 3135 dochmii
853 3059 1186 3133 incidant
1259 3053 1569 3134 formam
1641 3086 1791 3133 non
1844 3085 2003 3133 esse
2046 3058 2520 3156 antistrophi‘

470 3211 634 3259 cam
673 3219 686 3276 ;
730 3209 989 3257 omnes
1020 3184 1166 3257 fere
1198 3188 1468 3258 commi
1501 3201 1676 3258 sunt
1718 3188 1795 3257 in
1836 3183 2106 3282 quibus
2146 3183 2520 3257 choreuta-

468 3336 627 3384 rum
665 3304 928 3407 partes,
977 3322 1053 3382 ut
1086 3335 1332 3383 verum
1375 3309 1732 3400 dicamuS,
1783 3332 2318 3406 nonnunquam
2358 3332 2538 3404 gras

469 3435 703 3509 viores
733 3446 902 3509 sunt
931 3458 1152 3532 quam
1203 3449 1442 3531 partes
1463 3459 1822 3531 personae,
1872 3432 1999 3505 sed
2040 3435 2118 3534 in
2153 3432 2290 3521 his,
2350 3454 2516 3505 cum

468 3564 620 3634 sint
684 3560 939 3632 formae
1005 3563 1493 3649 corn'maticae,
1563 3584 1752 3632 nova
1819 3555 2515 3656 dithyrambis-orum

469 3688 750 3758 musica
790 3684 984 3757 haud
1014 3687 1211 3783 parvi
1253 3683 1475 3756 fuisse
1528 3685 1879 3757 momenti
1940 3679 2250 3754 videtur.
2301 3679 2515 3776 Apud

470 3805 708 3898 ipsum
785 3805 982 3873 enim
1040 3797 1486 3896 Sophoclem
1540 3801 1589 3869 ii
1632 3814 1910 3883 cantus,
1977 3802 2281 3894 quorum
2341 3794 2514 3867 cho·

470 3924 1293 4022 reutaeparticipessunt
1324 3921 1868 4021 ‚antiquitatem
1899 3920 2254 4006 redolent,
2305 3922 2510 4016 quia,
2556 3968 2561 3974 -

471 4053 809 4148 quamvis
847 4074 1107 4147 graves
1147 4053 1293 4121 sint
1334 4052 1601 4122 actoris
1641 4061 1902 4144 parteS,
1973 4045 2262 4131 choruS‚
2309 4043 2508 4142 quod
