3092 4942
1342 564 1411 576 -
1453 540 1522 592 79
1577 570 1628 579 --

442 684 762 759 melodia
804 700 1048 760 autem
1109 685 1327 760 ditior
1367 692 1742 785 reperitur.
1800 689 2066 771 Verum
2113 692 2184 759 in
2232 701 2480 761 nostra

446 813 746 899 musica,
834 837 1283 910 quanquam,
1337 828 1411 886 ut
1475 817 1731 886 iterum
1775 812 2043 902 dicam,
2103 813 2478 911 rhythmus

442 958 666 1032 prope
698 934 879 1007 nihil
923 950 1052 1019 est,
1093 951 1342 1009 tamen
1385 936 1660 1033 periodi
1697 962 1845 1009 non
1878 961 2163 1032 semper
2201 962 2242 1008 e
2285 924 2479 1008 binis

433 1071 565 1131 aut
631 1058 959 1155 pluribus
1002 1059 1344 1133 membris
1399 1056 1742 1133 constant
1811 1065 1998 1132 inter
2036 1086 2114 1133 se
2151 1060 2470 1157 paribus,

444 1203 681 1280 neque
721 1207 882 1256 raro
903 1185 1146 1263 evenit
1177 1198 1253 1256 ut
1305 1209 1531 1257 unum
1591 1183 1990 1258 membrum
2032 1183 2141 1256 vel
2184 1184 2477 1281 longius

437 1307 552 1379 vel
595 1305 881 1379 brevius
921 1332 1145 1405 quam
1176 1307 1322 1381 alia
1354 1312 1504 1381 sive
1534 1312 1610 1379 in
1651 1308 1985 1382 initio‘sit
2011 1313 2177 1386 sive
2213 1308 2283 1380 in
2329 1308 2475 1389 fine

430 1432 745 1529 periodi.
817 1432 1037 1527 Quod
1114 1457 1278 1505 cum
1352 1432 1463 1506 vel
1544 1437 1620 1504 in
1689 1432 1965 1505 musica
2028 1434 2471 1506 Graecorum

428 1559 821 1642 exstiterit,
870 1561 957 1632 ,in
1010 1583 1157 1654 qua
1209 1556 1534 1655 cpodicae
1578 1569 1704 1631 aut
1763 1558 2123 1653 proodicae
2192 1556 2470 1653 periodi

441 1683 679 1779 magis
721 1705 807 1751 ac
850 1684 1087 1777 magis
1128 1695 1298 1755 sunt
1336 1680 1708 1769 adhibitae,
1742 1681 2087 1780 colligere
2114 1681 2283 1754 licet
2315 1708 2461 1765 eas,

431 1828 867 1906 quanquam
949 1808 1191 1878 minus
1256 1806 1628 1904 simplices
1680 1822 1849 1881 sunt
1916 1830 2134 1903 quam
2201 1806 2470 1903 periodi

427 1955 596 2029 quae
625 1930 824 2005 binis
854 1942 981 2004 aut
1028 1935 1403 2028 quaternis
1435 1929 1781 2003 membris
1806 1946 2150 2039 constant
2216 1946 2467 2015 tamen

442 2082 590 2128 non
652 2055 749 2127 ad
828 2034 1334 2128 choreutarum
1394 2053 1864 2128 saltationem
1920 2054 2047 2127 sed
2089 2055 2183 2127 ad
2235 2080 2471 2152 perso-

408 2205 699 2289 ·narum
777 2178 1139 2277 querellas
1205 2204 1365 2252 esse
1441 2179 2060 2253 accommodatas.
2149 2179 2227 2253 Si
2308 2184 2471 2276 quis

425 2427 507 2500 -in
582 2428 937 2525 ejusmodi
1008 2427 1326 2525 periodis
1369 2486 1382 2516 ,
1452 2428 1889 2526 respondere
1958 2429 2237 2519 licebit,
2301 2455 2466 2502 cum

432 2551 832 2626 nonnullae
862 2556 1009 2626 sint
1048 2552 1318 2650 periodi
1353 2552 1723 2650 longiores
1762 2566 1835 2626 et
1889 2557 1963 2624 in
1995 2557 2110 2642 iis,
2147 2552 2343 2651 quod
2373 2553 2465 2626 ad

430 2675 821 2750 melodiam
865 2681 1157 2764 attinet,
1192 2677 1558 2750 elementa
1598 2678 1774 2750 satis
1808 2677 2002 2750 varia
2033 2693 2460 2775 appareant,

433 2825 731 2874 necesse
795 2825 955 2876 esse
996 2822 1233 2883 rerum
1298 2815 1518 2899 caput
1574 2816 1696 2875 aut
1737 2806 1812 2873 in
1881 2804 2094 2873 initio
2137 2826 2469 2898 praenun-

318 2987 327 2992 .
420 2928 646 2997 :tietur
673 2938 799 2999 aut
839 2929 917 2998 in
971 2925 1120 2998 fine
1161 2925 1632 3022 recolligatur
1667 2936 1723 2997 ¹.
1781 2926 2119 3001 Ceterum
2162 2924 2252 2998 de
2292 2952 2464 3023 epo-

415 3048 595 3122 dico
627 3049 764 3122 hoc
806 3075 1099 3150 quoque
1144 3051 1556 3124 notandum
1589 3064 1738 3123 est:
1788 3053 1846 3122 si
1898 3052 2467 3147 reputaverimus

425 3158 717 3271 poetam
760 3175 1016 3246 modos
1057 3174 1486 3247 adhibuisse
1552 3198 1642 3247 eo
1681 3175 2030 3248 dramatis
2088 3190 2460 3247 momento

346 3352 352 3357 ‚
412 3322 569 3394 «quo
637 3322 1104 3396 personarum
1152 3299 1459 3372 affectus
1520 3298 2145 3373 vehementissimi
2190 3319 2458 3386 essent,

406 3424 835 3499 existimare
866 3438 1325 3522 oporteteurn
1355 3425 1683 3522 personis
1701 3424 1848 3497 suis
1867 3423 2203 3520 periodos
2229 3427 2459 3520 agita-

421 3548 649 3619 tionis
687 3546 1154 3643 plenissimas
1195 3539 1563 3623 tribuisse.
1598 3551 1824 3624 Varia
1864 3561 2105 3621 autem
2141 3572 2463 3620 momen·

424 3680 507 3741 ta
547 3669 931 3767 cujuslibet
963 3676 1191 3745 animi
1226 3673 1533 3747 affectus
1558 3699 1647 3746 eo
1680 3672 2175 3757 dinoscuntur,
2228 3672 2448 3770 quod,

412 3819 584 3899 cum
659 3794 1317 3897 'vehementissima
1382 3803 1617 3896 primo
1700 3802 2109 3877 exstiterint
2152 3854 2168 3885 ,
2254 3795 2455 3870 brevi

482 4069 497 4099 ¹
528 4068 676 4120 Vide
701 4066 898 4136 OEdipi
921 4070 1157 4123 Colonei
1185 4073 1381 4135 841-[43.

428 2303 988 2400 interrogaverit
1014 2302 1189 2401 quid
1211 2303 1503 2376 valeant
1528 2294 1889 2400 epodicon
1913 2321 2044 2377 aut
2075 2305 2471 2401 proodicon
2551 2386 2563 2397 ,

2921 6 3076 57 ’ἶῙιιίΠ-’ἓ1
