3092 4942
745 968 867 1032 De
916 969 1328 1049 praedicis
1354 971 1440 1034 et
1469 963 1833 1050 epodiois
1856 965 2218 1051 periodis

564 1461 670 1532 Ex
734 1461 821 1531 iis
882 1452 1058 1557 'quae
1112 1484 1327 1558 supra
1383 1458 1582 1531 dieta
1641 1474 1810 1532 sunt
1885 1459 2234 1560 colligere
2313 1461 2484 1535 licet

457 1582 899 1656 dochmiaca
938 1588 1261 1657 trimetra
1313 1585 1415 1680 (et
1455 1587 1943 1680 pentametra)
2002 1589 2179 1658 satis
2264 1585 2492 1659 multa
2573 1634 2576 1637 >

453 1709 655 1806 apud
686 1707 1117 1806 AEschylum
1162 1733 1347 1796 esse,
1393 1711 1622 1780 rarius
1683 1723 1922 1781 autem
1966 1714 2058 1781 ‘in
2120 1709 2277 1782 dies
2333 1735 2491 1784 esse

467 1833 832 1921 adhibita,
898 1833 1084 1909 adeo
1143 1847 1223 1908 ut
1282 1833 1357 1906 in
1433 1834 2035 1933 tragoediisquae
2104 1840 2489 1932 postremis

467 1957 706 2058 quinti
738 1958 984 2032 saeculi
1029 1963 1246 2032 annis
1286 1961 1571 2055 scriptae
1613 1971 1780 2031 sunt
1803 1984 2059 2032 omnes
2083 1959 2227 2033 fere
2268 1960 2488 2032 doeh-

460 2083 714 2157 miacae
748 2083 1027 2182 periodi
1069 2109 1109 2155 e
1163 2082 1492 2156 dimetris
1515 2098 1881 2158 constent.
1908 2083 2128 2161 Nulla
2169 2085 2309 2157 fere
2342 2084 2490 2156 alia

456 2188 784 2281 membra
857 2210 997 2280 nisi
1079 2206 1382 2278 dimetra
1457 2211 1911 2303 reperiuntur
1986 2212 2061 2279 in
2151 2207 2490 2301 cantibus

463 2331 1015 2406 novissimarum
1061 2329 1427 2429 Euripidis
1458 2329 1894 2404 fabularum.
1949 2332 2283 2405 Ceterum
2339 2358 2490 2405 non

462 2461 540 2530 in
572 2457 1029 2531 dochmiacis
1059 2468 1343 2529 tantum
1386 2455 1729 2529 cantibus
1768 2481 1856 2529 ea
1896 2456 2332 2554 simplicitas
2361 2483 2491 2556 ap—

460 2592 686 2679 paret,
735 2582 863 2654 sed
903 2585 1149 2669 etiarn,
1190 2593 1268 2654 ut
1332 2580 1479 2678 jam
1560 2580 1901 2668 diximuS,
1974 2585 2049 2654 in
2126 2583 2490 2681 plerisque

458 2706 917 2804 periodorum
961 2732 1122 2803 quae
1163 2706 1270 2778 vel
1316 2731 1359 2779 a
1435 2705 1806 2778 choreutis
1861 2694 1973 2779 vel
2007 2705 2080 2778 'a
2157 2711 2490 2816 personis

448 2845 854 2904 canuntur.
911 2831 1079 2905 Non
1145 2828 1276 2903 est'
1317 2828 1607 2903 difficile
1669 2830 2051 2905 ostendere
2104 2831 2489 2929 plerasque

454 2936 568 3029 vel
601 2954 1178 3053 logaoedicarum
1238 2954 1350 3028 vel
1394 2954 1879 3027 iambicarum
1934 2955 2045 3028 vel
2090 2957 2488 3030 trochaica·

456 3105 611 3154 rum
645 3080 1101 3177 periodorum
1172 3078 1593 3177 quae'apud
1660 3079 2093 3177 AEschylum
2139 3094 2224 3153 -et
2293 3080 2485 3178 apud

457 3208 693 3303 ipsum
736 3202 1180 3302 Sophoclem
1250 3203 1724 3302 simplicitate
1799 3212 2070 3292 carent,
2158 3185 2332 3304 quia
2408 3211 2541 3277 in<

457 3329 546 3402 iis
586 3328 892 3426 imparia
920 3329 1435 3428 magnitudine
1490 3341 1562 3401 et
1603 3333 1840 3425 paria,
1878 3330 2202 3402 membra
2270 3332 2486 3404 variis

418 3455 693 3559 '‘modis
726 3457 953 3526 mixta
993 3469 1189 3541 sunt,
1225 3454 1418 3551 apud
1461 3453 1879 3551 Euripidem
1926 3454 2151 3529 multo
2205 3455 2486 3553 simpli-

447 3578 688 3652 ciores
727 3601 920 3651 esse.
961 3577 1164 3651 Satis
1197 3583 1390 3652 enim
1427 3578 1615 3653 inter
1642 3604 1897 3652 omnes
1936 3593 2224 3653 constat
2258 3580 2484 3676 plera-

449 3728 599 3802 que
654 3700 1018 3800 Euripidis
1082 3708 1373 3776 cantica
1428 3731 1468 3776 e
1524 3704 1951 3802 tetrapodiis
2023 3704 2227 3802 juxta
2282 3709 2487 3801 posi-

426 3813 550 3904 ⁶tis
580 3808 971 3919 constare¹,
1019 3852 1444 3927 quanquam
1471 3853 1560 3901 ea
1619 3828 1732 3901 lex
1792 3855 1939 3901 non
2004 3853 2292 3902 summa
2343 3850 2481 3918 est,

516 4085 531 4115 ¹
567 4085 808 4137 Croiset.
829 4085 983 4140 Hist.
1021 4088 1089 4138 de
1113 4087 1172 4139 la
1202 4087 1400 4140 Littera
1429 4089 1706 4153 Grecque,
1739 4087 1830 4148 111,
1863 4102 1920 4153 p.
1944 4087 2058 4152 349.
