3092 4942
584 1 911 37 ,ᾞὛῦππωη
1112 1 1120 4 Δγ

1289 523 1575 598 -23-2-

397 700 527 772 per
603 699 980 774 syncopen
1036 676 1349 747 concisa
1451 697 1622 771 quae
1677 667 2138 770 ·hujusmodi
2250 680 2360 743 est
2416 702 2433 741 ε

1227 913 1270 943 υ
1320 905 1459 956 Ιι-ΔΙ
1517 914 1632 942 υ-

379 1122 479 1193 ·in
509 1144 652 1218 qua
695 1117 866 1194 duae
903 1122 1153 1216 primae
1172 1117 1417 1218 longae
1456 1122 1532 1191 in
1564 1142 1787 1192 unam
1826 1115 2187 1215 syllabam
2229 1124 2440 1213 quat·

397 1255 564 1319 tuor
601 1268 963 1317 morarum
1003 1242 1414 1341 conjunctae
1456 1254 1665 1317 sunt.
1719 1241 1967 1335 Quam
2011 1240 2306 1340 quidem
2362 1253 2442 1314 ut

399 1365 799 1445 iambicam·
816 1347 1194 1466 dipodiam
1222 1368 1527 1466 quidam
1561 1368 1844 1442 metrici
1875 1371 2261 1485 soriptores
2291 1369 2454 1439 me·v

397 1495 700 1567 tiuntur.
727 1473 1040 1584 Tamen,
1086 1517 1255 1568 cum
1279 1477 1657 1591 ejusmodi
1684 1478 2081 1565 dochmius
2132 1494 2441 1588 saepissi-

399 1641 515 1691 me
554 1619 629 1690 in
671 1617 1112 1741 quibusdam
1134 1615 1589 1721 dochmiacis
1620 1641 1683 1691 c
1665 1620 1931 1692 tnticis
1966 1612 2435 1703 adhibeatur,

400 1740 572 1814 licet
597 1767 785 1830 eum,
811 1754 893 1816 ut
929 1741 1349 1816 Schmidtio
1376 1741 1643 1839 placet,
1681 1739 2103 1816 dochmium
2145 1739 2430 1815 haberi.

404 1866 593 1941 Cum
704 1865 1131 1965 plerumque
1254 1864 1787 1943 exclamationi
1877 1879 2002 1940 aut
2098 1864 2441 1962 interjec-

400 1995 588 2066 tioni
626 1989 1066 2089 respondeat
1104 1993 1282 2090 (qua
1321 1990 1413 2065 de
1453 2015 1705 2083 causa,
1744 2002 1822 2064 ut
1847 1989 2024 2080 dixi,
2062 1993 2138 2062 in
2180 2001 2441 2062 cantus
2501 2009 2510 2016 ·

402 2115 516 2189 vel
556 2115 868 2214 strophae
906 2113 1019 2189 vel
1060 2118 1451 2188 commatis
1496 2110 1716 2189 initio
1755 2115 2158 2215 reperitur),
2200 2138 2442 2213 neque

402 2266 568 2315 cum
600 2240 747 2314 alio
803 2237 1188 2337 cujuslibet
1224 2237 1473 2313 formae
1529 2238 1878 2312 dochmio
1938 2239 2012 2311 in
2045 2239 2438 2312 dimetrum

382 2364 516 2439 ,νεὶ
593 2367 670 2468 in
725 2356 1043 2465 quodvis>
1096 2361 1298 2439 aliud
1358 2380 1667 2443 metrum
1734 2363 2245 2461 conjungatur,
2291 2365 2439 2436 veri

404 2489 726 2567 dochmii
794 2480 1026 2565 instar
1062 2488 1311 2563 haberi
1377 2489 1666 2564 videtur
1726 2472 1799 2565 et
1841 2480 2147 2564 fortasse
2187 2513 2442 2585 reapse

282 2662 287 2668 ·
402 2603 922 2713 idemvalebat
958 2612 1159 2714 quod
1198 2613 1536 2712 quaedam
1576 2618 1813 2689 aetatis
1855 2626 2125 2689 nostrae
2169 2614 2443 2687 modu-

403 2864 690 2938 trahere
728 2863 901 2938 licet
928 2873 976 2937 ¹.

506 3006 732 3106 Cujus
766 3004 1092 3082 dochmii
1153 3030 1303 3079 non
1363 3005 1595 3080 multa
1652 3006 1991 3103 exempla
2030 3005 2437 3105 proferam3

404 3135 585 3206 satis
608 3135 744 3205 erit
771 3129 1351 3205 animadvertere
1401 3155 1569 3205 eum
1601 3134 1963 3229 praecipue
2023 3127 2444 3205 adhibitum

403 3281 566 3332 esse
606 3260 683 3330 in
720 3253 1083 3357 Herculis
1097 3254 1438 3349 furentis
1458 3254 1552 3352 87
1562 3272 1784 3352 5-92J
1819 3254 2203 3349 (Commos
2241 3254 2442 3351 chori

405 3394 480 3456 et
502 3379 1108 3481 Amphitryonis),
1142 3379 1267 3454 ubi
1292 3378 1850 3478 Amphitryonis
1876 3378 2199 3453 dochmii
2227 3383 2442 3477 quasi

408 3506 715 3581 initialis
766 3518 1031 3580 cantus
1086 3504 1499 3581 modulatio
1567 3517 1763 3597 sunt,
1810 3529 2033 3617 quam
2084 3508 2442 3603 reliquum

402 3656 699 3706 comma
771 3630 1113 3727 explicat,
1183 3634 1409 3704 immo
1459 3609 1667 3728 cujus
1731 3630 1808 3704 id
1865 3618 2063 3730 quod
2113 3632 2445 3728 sequitur

404 3759 619 3856 quasi
658 3760 1026 3856 enarratio
1084 3767 1158 3830 et
1193 3760 1808 3870 commentarium
1832 3767 1966 3839 est.
2007 3753 2438 3833 Notandum

472 4076 488 4105 ⁴
515 4090 548 4124 α
570 4074 740 4128 Point
754 4075 997 4141 d’orgue
1018 4091 1072 4128 ι.

393 2738 721 2823 ,Ιειῐίοῐιεε
747 2762 935 2838 quas
972 2738 1252 2813 cantori
1291 2737 1689 2836 producere
1736 2740 1829 2812 ad
1859 2738 2147 2813 libitum
2180 2750 2253 2811 et
2281 2762 2440 2836 pro·
2567 2730 2596 2749 ‘
