3092 4942
1449 570 1695 625 ...4—

562 717 822 791 chorus
851 744 941 790 ea
981 718 1339 815 dignitate
1370 735 1441 793 et
1478 724 1857 817 gravitate,
1918 746 2137 818 quam
2182 718 2374 816 apud
2416 720 2585 792 AEs-

562 843 855 942 chylum
900 843 1249 932 habebat,
1302 851 1557 942 magis
1597 851 1673 918 in
1749 845 1906 918 dies
1945 845 2268 942 dejectus
2304 858 2440 933 est,
2485 857 2573 929 et,

560 982 866 1065 excepta
925 949 1071 1041 una
1109 982 1234 1042 aut
1264 970 1492 1043 altera
1531 971 1937 1044 fabularum
1978 997 2163 1069 quas
2189 969 2330 1043 -sub
2358 969 2582 1042 finem

562 1099 729 1167 vitae
796 1098 1105 1190 scripsit,
1181 1098 1257 1165 in
1324 1095 1591 1194 quibus
1644 1100 2023 1195 antiquam
2080 1095 2582 1168 choreutarum

560 1230 911 1291 cantuum
954 1218 1580 1314 magnificentiam
1615 1220 1709 1292 ad
1736 1221 1970 1293 lucem
2003 1245 2337 1293 revocare
2368 1244 2585 1291 cona·
2637 1216 2644 1227 ’

559 1355 864 1447 tusest,
916 1343 1354 1441 contendere
1412 1343 1580 1415 licet
1634 1344 1930 1417 chorum
1981 1345 2206 1418 multo
2272 1326 2585 1417 minores

562 1480 804 1567 partes
837 1492 1053 1564 agere
1093 1493 1311 1564 quam
1371 1477 1677 1558 actore5‚
1716 1470 1899 1542 adeo
1938 1455 2016 1542 ut
2045 1488 2581 1566 nonnunquam

562 1618 786 1692 prope
817 1590 1056 1664 nullus
1087 1596 1203 1664 sit.
1235 1595 1396 1691 Jam
1419 1592 1615 1692 apud
1649 1593 2096 1692 Sophoclem
2122 1606 2323 1667 actor
2340 1597 2585 1684 sceni-

559 1743 689 1790 cus
749 1717 1052 1790 multum
1143 1716 1357 1806 valet,
1431 1716 1559 1789 sed
1635 1724 1901 1791 actoris
1955 1734 2216 1815 partes,
2253 1716 2459 1814 quod
2492 1705 2583 1787 ad

562 1845 920 1916 musicam
982 1841 1311 1938 pertinet,
1355 1866 1575 1938 prope
1640 1843 1916 1915 eaedem
1979 1857 2149 1916 sunt
2187 1868 2347 1938 quae
2387 1841 2580 1937 apud

561 1964 1031 2063 AEschylum.
1086 1966 1741 2062 Quanquamenim
1776 1971 1851 2047 in
1886 1965 2259 2043 nonnullis
2301 1964 2583 2063 Sopho-

474 2165 477 2168 ,
562 2092 699 2164 clis
728 2088 993 2164 fabulis
1013 2106 1270 2163 cantus
1302 2116 1605 2188 quorum
1630 2105 1831 2164 actor
1850 2106 1957 2165 est
1975 2095 2333 2197 particeps
2361 2089 2581 2186 paulo

563 2216 805 2318 plures
836 2231 1004 2289 sunt·
1030 2240 1249 2313 quam
1282 2217 1473 2314 apud
1502 2215 1934 2314 AEschylum
1968 2197 2040 2289 et
2060 2217 2397 2314 quaedam
2430 2240 2578 2291 mo-

564 2341 807 2416 nodiae
846 2346 908 2414 ei
954 2366 1277 2438 personae
1353 2341 1766 2443 tribuuntur
1817 2367 1977 2439 quae
2016 2344 2284 2437 primas
2343 2353 2582 2436 partes

563 2472 719 2564 agit
781 2467 1002 2563 (quod
1072 2469 1447 2564 nunquam
1524 2465 1717 2563 apud
1784 2464 2218 2567 AEschylum
2274 2467 2571 2562 evenit),

559 2608 805 2666 tamen
841 2591 1024 2663 nihil
1057 2594 1400 2696 reperitur
1450 2595 1526 2661 in
1567 2589 1718 2662 ulla
1769 2575 2160 2686 Sophoclis
2216 2588 2582 2685 tragoedia

557 2745 647 2792 ex
690 2743 835 2816 quo
863 2718 1173 2815 prospici
1200 2713 1425 2811 possit
1454 2739 1676 2812 quam
1709 2713 2397 2815 splendidaejfuturae
2434 2717 2583 2786 sint

560 2841 925 2937 Euripidis
977 2838 1397 2912 cantilenae.
1467 2839 1526 2912 C
1531 2863 1653 2913 um
1706 2838 1924 2935 igitur
1975 2852 2175 2911 actor
2248 2841 2583 2912 scenicus

559 2966 809 3039 medio
832 2991 1052 3065 prope
1085 2968 1346 3062 quinto
1376 2964 1643 3038 saeculo
1684 2939 2061 3052 maximaS,
2101 2980 2178 3036 ut
2209 2963 2381 3050 dixi,
2413 2986 2581 3060 par·
2684 3011 2687 3015 .

561 3105 669 3166 tes
710 3103 982 3187 ageret,
1020 3089 1383 3188 tragoedia
1407 3089 1906 3161 vehementior
1944 3088 2015 3159 in
2048 3088 2204 3160 dies
2235 3101 2581 3183 motuque

563 3217 847 3315 plenior
912 3213 1108 3286 facta
1171 3228 1347 3287 erat.
1407 3213 1870 3315 Quapropter
1924 3212 2266 3310 quaedam
2318 3226 2570 3298 metra,

560 3371 721 3441 quae
753 3347 828 3415 in
881 3338 1213 3438 AEschyli
1269 3338 1534 3412 fabulis
1575 3352 1698 3411 aut
1748 3337 2142 3435 Sophoclis
2184 3363 2331 3414 non
2373 3352 2582 3445 erant

560 3467 895 3541 adhibita
944 3466 1106 3565 plus
1146 3488 1363 3564 quam
1419 3463 1591 3549 alia,
1637 3462 2065 3537 creberrime
2126 3462 2322 3559 apud
2364 3463 2582 3535 Euri-

558 3594 800 3691 pidem
861 3594 1353 3678 inveniuntur,
1414 3593 1602 3662 inter
1640 3615 1801 3685 quae
1833 3589 2364 3675 dochmiacum,
2413 3611 2578 3660 cum

559 3722 876 3790 maxime
919 3716 1266 3789 idoneum
1305 3714 1397 3787 sit
1430 3714 1520 3787 ad
1561 3711 2579 3812 exprimendos'vehementes

559 3847 971 3916 animorum
1060 3854 1321 3930 motuS‚
1396 3843 1709 3939 primum
1786 3838 1942 3911 sine
2022 3836 2243 3911 dubio
2295 3837 2579 3912 obtinet

557 3967 826 4041 locum.
2527 3958 2542 4067 J

655 4091 897 4165 Velim
940 4094 1182 4188 igitur,
1229 4102 1613 4188 postquam
1648 4087 2368 4184 breviterexp‘osuero
2405 4076 2577 4187 quac
