3092 4942
1491 586 1818 642 -.16..⁴

603 750 913 823 morant,
970 763 1191 835 quam
1252 724 1750 836 ignominiose
1814 738 2231 813 interfectus
2271 744 2367 812 sit
2408 739 2466 812 is
2504 744 2628 837 qui

600 877 705 936 tot
735 879 808 936 et
869 865 1095 934 tantis
1142 865 1375 958 copiis
1424 878 1744 958 praeerat,
1802 889 1967 935 cum
2001 862 2242 936 deleta
2300 862 2519 960 Troja
2551 867 2624 934 in

600 992 909 1085 patriam
976 984 1298 1061 redierit!
1345 988 1613 1059 Eorum
1667 991 1895 1060 animi
1939 987 2351 1083 ,cupid-itate
2396 986 2627 1059 ulcis-
2730 1028 2764 1039 --

600 1111 817 1211 cendi
856 1111 1137 1200 ardent,
1188 1136 1428 1209 neque
1483 1112 1889 1209 quidquam
1928 1116 2033 1186 ira
2087 1110 2213 1184 illa
2244 1112 2628 1184 vehemen-

599 1241 744 1309 tius
782 1249 889 1310 est
942 1262 1105 1335 quae
1142 1261 1231 1309 ex
1296 1236 1566 1310 scelere
1633 1236 2158 1343 Clytaemeetrae
2219 1240 2294 1307 in
2361 1240 2629 1308 animis

602 1363 989 1453 liberorum
1032 1366 1308 1434 exstitit
1352 1396 1364 1434 ε
1937 1341 1940 1345 ⁴

680 1590 793 1632 vv,
835 1584 1100 1646 421-422
1137 1592 1150 1630 ς
1183 1570 1333 1622 λύκου
1363 1568 1458 1641 γὰρ
1488 1570 1608 1643 ᾡστ’
1640 1567 1891 1639 ὠμόφρων

1208 1668 1419 1728 ἄσαντος
1449 1664 1499 1719 ἐκ
1530 1666 1712 1738 ματρός
1742 1664 1842 1719 ἐστι
1870 1666 2038 1737 θυμός.

704 1845 969 1941 Nullus
1042 1857 1150 1917 est
1222 1843 1416 1941 apud
1495 1842 1930 1942 AEschylum
2000 1846 2444 1915 commotior.
2507 1855 2629 1915 aut

601 1969 1005 2067 cupiditate
1036 1970 1406 2042 ardentior
1445 1981 1725 2057 cantuS‚
1777 1993 2013 2067 neque
2071 1971 2186 2040 cui
2219 1992 2627 2041 accommo-

603 2088 844 2167 datior
875 2098 1263 2192 aptiorque
1288 2092 1379 2165 sit
1415 2118 1661 2195 versuxs
1691 2072 2196 2166 dochmiacus.

712 2221 794 2291 In
829 2217 1365 2292 Eumenidibus
1402 2243 1572 2291 vero
1609 2231 1751 2290 tres
1778 2202 1946 2291 sunt
1985 2218 2399 2291 dochmiaci
2443 2219 2655 2311 can-'⁴

607 2360 744 2432 tuS,
799 2340 1107 2441 quorum
1170 2341 1372 2417 nulla
1422 2368 1736 2447 persona
1764 2346 2125 2445 particeps
2165 2356 2295 2426 est,
2348 2341 2664 2441 scilicet¹

603 2468 921 2567 parodos
955 2480 1005 2556 ¹,
1057 2480 1316 2540 cantus
1375 2466 1819 2540 diversarum
1878 2465 2079 2539 chori
2122 2443 2459 2563 partium,
2502 2470 2628 2575 qui

600 2610 711 2667 est
752 2604 967 2656 ἄτακτον
999 2604 1168 2676 μέλος,
1201 2604 1252 2685 ²,
1297 2606 1369 2665 et
1407 2580 1814 2666 secundum
1849 2595 2207 2665 stasimon
2234 2602 2282 2664 ³.
2361 2652 2365 2659 ,

1132 2930 1135 2933 ’
1193 2973 1264 3025 2.
1298 2949 1516 3022 Apun
1587 2947 2046 3025 SOPHOCLEM

702 3226 915 3323 Apud
960 3224 1403 3322 Sophoclem
1474 3249 1901 3329 quanquam
1947 3223 2153 3297 multi
2213 3214 2631 3330 dochm'iaci

602 3364 863 3435 cantus
902 3349 1124 3446 choro
1144 3350 1293 3421 dati
1329 3363 1515 3441 sunt,
1562 3364 1730 3423 sunt
1760 3363 2010 3423 tamen
2041 3347 2236 3421 haud
2271 3351 2372 3421 ita
2419 3347 2632 3444 pauci

604 3479 730 3573 qui
774 3501 817 3546 a
857 3475 1186 3572 personis
1226 3485 1621 3547 canantur.

698 3600 989 3695 Viginti
1027 3624 1155 3672 sex
1186 3598 1508 3672 dochmii
1539 3610 1712 3671 sunt
1742 3602 1817 3670 in
1846 3597 2392 3694 antistrophicis
2429 3596 2636 3676 chori

603 3723 970 3797 cantibus,
1018 3722 1207 3797 Vide
1262 3724 1580 3803 Electrce
1630 3724 2058 3819 1384-1397,
2107 3736 2179 3796 et
2213 3721 2634 3796 Philoctetae
2690 3762 2696 3767 ·
2745 3789 2754 3796 .

662 3985 677 4014 ⁴
805 4010 824 4020 -

660 4066 680 4097 ²
706 3983 935 4128 {dg-gg,
960 4062 1032 4114 V.
1055 4063 1106 4114 J.
1130 4063 1196 4114 H.
1216 4063 1493 4124 Schmidt,
1524 4062 1633 4114 Die
1661 4064 2064 4129 Eat-hythmie‚
2096 4079 2151 4129 p.
2184 4064 2293 4126 252,
2323 4070 2445 4116 not.

662 4146 681 4176 ³
712 4144 937 4208 778-848·
2273 4140 2280 4146 ’
