3092 4942
1470 566 1751 627 ...g-2...

587 734 764 797 c‘um
806 723 975 795 aliis
1026 725 1299 810 metris,
1366 726 1518 794 sive
1574 721 1935 809 iambicis,
1998 719 2149 793 sive
2192 719 2610 809 trochaiciS,

603 853 758 921 sive
822 845 1169 946 paeonicis
1228 850 1694 930 misceantur,
1763 845 1913 918 fieri
1973 831 2219 941 'potest
2283 860 2359 918 ut
2402 845 2623 917 doch-

550 951 831 1069 Jmiaca
909 970 1250 1068 periodus
1323 969 1796 1068 simplicitate
1843 985 2111 1057 careat,
2162 985 2449 1067 propter
2484 970 2621 1043 for-

599 1121 794 1169 mam
863 1097 1169 1170 aliorum
1230 1097 1714 1200 membrorum
1790 1122 1950 1194 quae
1993 1117 2176 1168 -curn
2256 1094 2625 1197 duochmiis

590 1225 1017 1295 miscentur.
1062 1222 1234 1294 Non
1274 1246 1455 1294 rarae
1497 1244 1667 1295 sunt
1732 1221 1924 1318 apud
1968 1220 2399 1318 AEschylum
2434 1221 2621 1317 ejus·

593 1346 796 1420 modi
830 1329 1131 1445 periodi,
1202 1334 1506 1443 quarum
1551 1346 1948 1419 nonnullas
1987 1331 2368 1443 proteram,
2446 1350 2638 1444 quia⁴

565 1553 567 1556 Α
599 1472 691 1543 ad
725 1475 1169 1568 propositum
1207 1496 1445 1544 meum
1477 1475 1833 1568 praecipue
1876 1476 2266 1568 pertinent.

614 1633 619 1638 ·
697 1596 881 1669 Vide
923 1596 1221 1693 Septem
1251 1611 1505 1669 contra
1533 1596 1833 1668 Thebas
1865 1597 2199 1693 (78-181)
2230 1595 2623 1692 stropham

626 1752 686 1811 Γ,
714 1700 861 1817 per.
896 1696 984 1793 11.
1037 1721 1220 1812 Quae
1253 1719 1594 1817 periodus
1624 1746 1664 1793 e
1703 1720 1928 1793 tribus
1961 1731 1975 1760 ¹
2022 1721 2348 1793 dimetris
2397 1718 2624 1791 doch-

596 1828 863 1935 miac'is
901 1859 1192 1918 constat
1234 1844 1530 1943 quibus
1568 1857 1913 1942 quattuor
1978 1843 2317 1939 iambicae
2363 1856 2633 1942 penta—

597 1969 839 2066 podiae
914 1969 1260 2041 immixtae
1338 1983 1531 2042 sunt.
1606 1964 1732 2042 Ea.
1770 1968 2108 2065 periodus
2159 1968 2631 2064 simplicitate
2701 2036 2710 2041 .

608 2107 828 2181 caret,
877 2108 974 2181 et,
1022 2110 1132 2173 ut,
1166 2093 1378 2189 facile
1418 2093 1888 2191 intellegitur,
1953 2092 2381 2167 saltantium
2448 2093 2633 2165 cho—

612 2229 972 2291 reutar'um
1050 2222 1295 2290 cantui
1377 2222 1615 2315 aptior
1688 2232 1797 2292 est
1851 2243 2086 2317 -quam
2145 2240 2625 2314 personarum

596 2342 1024 2416 cantilenis.
2124 2326 2128 2331 ⁴

598 2538 603 2545 ,
668 2453 1072 2539 ⁴Proferam
1117 2468 1435 2563 denique
1499 2467 1683 2539 duas
1760 2454 2216 2564 Choeplzbron
2284 2464 2636 2564 periodos

602 2596 984 2688 (935-972,
1055 2592 1405 2688 Epodos),
1447 2618 1755 2690 quarum
1823 2597 2014 2690 prior
2053 2592 2629 2688 palinodo-anti·-

604 2714 878 2788 thetica
900 2729 1009 2788 est
1047 2749 1060 2806 ;
1101 2716 1261 2788 duae
1304 2729 1545 2813 partes
1579 2744 1740 2815 quae
1772 2721 1960 2790 inter
1999 2742 2075 2789 se
2106 2715 2550 2814 respondent
2592 2742 2636 2789 e

606 2839 840 2911 tribus
902 2839 1249 2929 bacchiis,
1339 2816 1566 2914 tribus
1629 2841 2007 2938 paeonibus
2056 2856 2128 2913 et
2203 2868 2352 2914 uno
2405 2840 2635 2913 dime-

614 2976 723 3034 tro
753 2963 1190 3037 dochmiaco
1239 2979 1581 3037 constant
1628 2998 1641 3055 3
1677 2969 1864 3038 inter
1893 2991 2063 3064 quae
2126 2980 2293 3038 sunt
2334 2968 2640 3058 trestri-

610 3087 851 3184 podiae*
917 3089 1329 3161 trochaicae.
1401 3089 1651 3162 Altera
1716 3116 2007 3188 quoque
2065 3091 2639 3187 palinodo-anti-
2735 3118 2746 3127 ·

598 3212 945 3303 thetica„
994 3239 1438 3312 quanquam
1506 3216 1728 3311 paulo
1794 3214 2194 3311 simplicior
2259 3230 2415 3287 est:
2478 3213 2629 3287 duo

611 3338 808 3409 enim
854 3337 1017 3409 cola
1082 3342 1271 3410 inter
1308 3364 1384 3411 se
1443 3340 1962 3438 respondentia
2003 3352 2345 3412 constant
2385 3340 2638 3437 singu-

601 3461 695 3533 lis
774 3446 1163 3535 trochaicis
1232 3463 1719 3560 tetrapodiis;
1813 3463 2135 3536 medium
2225 3478 2333 3537 est
2405 3491 2636 3539 unum

596 3585 1122 3659 dochmiacum
1163 3564 1599 3661 dimetrum:

1013 3891 1034 3932 1
1073 3872 1234 3935 dim.
1276 3872 1758 3936 dochmiacum.
2591 3840 2641 3902 ⁴,

612 3759 672 4040 (
708 3818 713 3821 .
769 3786 787 3824 1
837 3764 996 3829 dim.
1041 3765 1494 3827 dochmiacum
1528 3785 1674 3827 cum
1701 3787 1825 3826 una
1856 3766 2226 3848 tetrapodia
2275 3767 2617 3830 trochaica

772 3996 792 4037 1
827 3976 988 4041 dim.
1032 3978 1485 4040 dochmiacum
1521 3998 1666 4040 cum
1714 4000 1838 4040 una
1881 3980 2639 4062 tetrapodiatrochaiea.

669 4163 682 4192 ¹
730 4162 1021 4223 Quattuor
1080 4165 1398 4215 secundum
1453 4166 1500 4214 J.
1533 4165 1601 4214 H.
1646 4165 1923 4227 Schmidt,
1942 4165 2049 4215 Die
2089 4166 2495 4231 Earhythmie,
2539 4180 2643 4232 pp.

600 4242 833 4304 316-317.
