3092 4942
1275 596 1555 652 ..29-

395 771 564 820 nem
585 772 747 822 esse
786 747 1174 821 rationalis
1197 745 1524 820 dochmii
1562 780 1578 836 5
1624 744 1754 820 sed
1792 773 1883 820 ne
1912 747 2432 822 obliviscamur

392 875 770 946 metricam
802 876 1098 946 musicae
1137 877 1319 946 vitio
1348 877 1593 946 minus
1657 875 1732 945 in
1761 870 1933 955 ,dies
1972 897 2228 969 puram
2253 899 2427 947 ,esse

389 995 700 1070 factam.
775 997 992 1095 Apud
1032 1006 1035 1009 ’
1070 995 1491 1095 Euripidem
1552 1001 1800 1087 enim,
1878 1002 2002 1095 qui
2076 1023 2428 1071 novorum

388 1118 1088 1220 dithyrambicorum
1125 1122 1539 1219 exemplum
1576 1134 1870 1196 secutus
1930 1135 2065 1209 est,
2127 1128 2428 1195 metrica

386 1243 837 1343 syllabarum
863 1251 1256 1320 ae‘stimatio
1292 1251 1590 1320 musicae
1629 1246 2099 1319 aestimationi
2132 1246 2420 1344 subjici-

386 1381 522 1459 tur,
574 1396 813 1467 neque
884 1371 1036 1445 ulla
1077 1371 1226 1445 alia
1264 1374 1549 1445 ratione
1606 1371 1968 1468 explicari·
2008 1371 2182 1444 licet'
2228 1371 2423 1469 quod

386 1519 582 1591 saepe
657 1495 881 1594 longa
940 1495 1226 1595 syvllaba
1281 1499 1366 1568 in
1425 1495 1678 1583 breviS,
1747 1495 1984 1568 brevis
2048 1500 2124 1567 in
2184 1496 2426 1594 longae

387 1617 633 1693 locum
723 1620 1076 1694 succedit.
1143 1622 1224 1693 In
1293 1644 1582 1694 summa
1662 1645 1812 1691 non
1880 1617 2246 1693 difficilius
2312 1635 2421 1694 est

385 1743 602 1842 hujus
639 1745 893 1819 formae
920 1745 1347 1819 dochmium
1373 1773 1414 1801 υ
1436 1773 1512 1801 2-—1
1544 1773 1586 1800 υ
1606 1785 1653 1792 -
1676 1769 1900 1842 quam
1924 1744 2121 1818 illius
2149 1785 2426 1794 -----

385 1881 625 1942 ratum
664 1869 957 1944 habere.
983 1870 1124 1944 Per
1162 1864 1543 1956 musicam,
1574 1883 1651 1943 ut
1674 1869 1814 1943 hoc
1840 1874 2093 1942 iterum
2141 1870 2411 1960 dicam,

380 2018 554 2066 cum
593 1993 789 2068 modi
847 1999 1050 2092 poesi
1092 2009 1537 2091 praestarent,
1589 1994 1926 2091 quaedam
1966 1997 2238 2091 pedum
2280 1996 2422 2070 for-

288 2152 294 2159 ·
383 2144 526 2192 mae
556 2118 906 2217 legitimae
934 2132 1008 2193 et
1048 2117 1499 2217 accipiendae
1531 2123 1985 2207 exstiterunt,
2027 2146 2191 2217 quae
2230 2126 2422 2218 prin-

382 2244 582 2341 cipio
644 2245 916 2344 iniquae
969 2247 1444 2337 videbantur3
1518 2273 1667 2344 qua
1741 2247 1831 2320 de
1861 2262 2083 2320 causa
2143 2251 2418 2320 metrici

382 2373 795 2467 scriptoreS,
846 2376 972 2468 qui
1007 2372 1407 2458 metricam,
1447 2398 1596 2444 non
1638 2372 1991 2450 musicam
2023 2359 2425 2445 intueban-

381 2507 526 2585 tur,
572 2520 696 2568 eas
727 2495 912 2570 tales
956 2497 1224 2570 habere
1256 2509 1684 2594 potuerunt.
