3092 4942
1466 550 1757 607 -90...

579 722 804 792 simos
868 718 1370 792 dochmiacos-
1421 716 1792 815 Euripidis
1852 730 2021 791 octo
2095 717 2292 790 haud
2354 720 2598 790 minus

583 842 938 939 ejusmodi
1004 842 1282 941 periodi
1325 846 1802 940 reperiuntur,
1838 868 1999 940 quae
2028 852 2202 916 surrt'
2268 847 2344 914 in
2400 866 2610 915 com-

578 973 796 1041 matis
875 968 933 1042 E
1008 968 1183 1064 (bis)
1235 1025 1250 1055 ,
1324 986 1385 1056 z,
1424 982 1502 1054 „A
1561 978 1640 1057 Μ,
1676 977 1737 1054 12,
1801 985 1868 1056 Ξ,
1916 971 1955 1025 Σ
2002 977 2017 1007 ¹
2089 1001 2103 1056 3
2191 964 2615 1066 [phegenz‘oe

538 1116 543 1120 ·
584 1092 909 1173 Taurz'cce
937 1093 1336 1187 827·899’,
1399 1089 1968 1164 Plzoenzssarum
2015 1113 2324 1186 103-192
2371 1101 2424 1166 ³.

676 1219 780 1291 Ex
804 1216 916 1290 his
938 1217 1291 1314 exemplis
1320 1216 1488 1293 licet
1517 1215 2098 1289 animadvertere
2126 1241 2289 1290 earn
2323 1213 2598 1313 periodi

574 1343 878 1415 formam
937 1345 1209 1437 saepius
1248 1344 1323 1412 in
1356 1342 1514 1414 dies
1539 1367 1697 1415 esse
1736 1340 2166 1429 adhibitam,
2231 1354 2303 1413 et
2344 1339 2612 1413 ceteris

577 1467 761 1539 adeo
816 1469 1307 1561 antepositam
1361 1491 1520 1538 esse
1564 1481 1643 1538 ut
1697 1469 1771 1538 in
1838 1465 2280 1569 quibusdam
2333 1464 2601 1541 fabulis

577 1596 626 1664 ii
654 1604 917 1664 cantus
956 1590 1028 1662 in
1072 1591 1335 1687 quibus
1400 1590 1725 1693 dochmii
1801 1594 2061 1664 ceteris
2115 1584 2608 1688 metrisprae—

575 1729 796 1803 stant,
845 1700 1206 1813 pleraeque
1245 1714 1522 1811 periodi
1564 1741 1724 1788 eam
1765 1715 2070 1789 formam
2102 1714 2451 1789 habeant.
2520 1714 2604 1788 Si

577 1856 742 1904 vero
790 1844 1151 1904 notamus
1217 1835 1294 1903 in
1362 1834 1452 1903 iis
1510 1831 1849 1905 cantibus
1923 1835 2045 1928 qui
2106 1832 2368 1928 prolati
2439 1844 2610 1903 sunt

576 1954 1092 2027 dochmiacum
1122 1953 1381 2050 pedem
1423 1953 1590 2028 ideo
1629 1979 1787 2028 esse
1832 1953 2249 2041 adhibitum
2281 1970 2360 2029 ut
2390 1955 2606 2027 vehe-

574 2082 1101 2152 mentissimam
1171 2079 1437 2151 mentis
1500 2084 2073 2153 commotionem
2141 2084 2602 2178 exprimeret,

573 2203 745 2277 inde
789 2204 1223 2276 concludere
1291 2204 1539 2277 licebit
1566 2226 1727 2278 eam
1770 2204 2311 2301 simplicitatem
2372 2204 2603 2282 doch-

575 2329 974 2404 miacarum
1043 2328 1526 2426 periodorum,
1584 2355 1754 2433 quae*
1790 2329 2019 2425 major
2081 2333 2156 2425 in
2197 2329 2356 2402 dies
2406 2328 2608 2402 facta

574 2467 707 2541 est,
747 2480 911 2527 cum
976 2453 1247 2550 majore
1290 2458 1366 2525 in
1430 2454 1744 2527 melodia
1787 2458 2134 2528 varietate
2197 2471 2270 2528 et
2308 2453 2610 2528 mobili-

573 2591 722 2652 tate
785 2603 1224 2675 congruere;
1286 2604 1435 2650 non
1483 2583 1683 2651 enim
1720 2579 1868 2675 jam
1900 2578 2263 2678 rhythmo,
2322 2594 2400 2653 ut
2437 2579 2605 2651 AEs·

571 2701 764 2801 chyli
793 2702 1258 2799 temporibuS,
1299 2702 1426 2776 sed
1468 2702 1705 2779 modis
1733 2717 1966 2801 paetae
2002 2708 2243 2778 varios
2307 2706 2602 2795 animo·

584 2853 739 2899 rum
780 2840 1019 2900 motus
1049 2824 1500 2924 affectusque
1530 2831 1929 2924 exprimere
1962 2827 2224 2901 solent.

684 2951 1084 3037 Nonnullae
1160 2952 1321 3025 aliae
1402 2951 1757 3048 ejusmodi
1804 2951 2082 3050 periodi
2159 2954 2616 3050 reperiuntur

510 3090 519 3097 ’
578 3080 653 3150 in
683 3076 981 3151 Orestis
1010 3104 1124 3150 vv.
1164 3079 1451 3172 1305·6‚
1483 3090 1561 3151 ut
1609 3082 1903 3178 corrigit
1935 3065 2130 3153 Weil
2171 3073 2265 3151 et'
2289 3074 2551 3151 dividit
2586 3109 2604 3147 2
2640 3118 2645 3122 ·

789 3263 875 3317 τὰν
900 3264 1210 3334 λιποπάτορα
1238 3263 1518 3335 λιπόγαμόν
1551 3266 1591 3317 θ’
1615 3256 1652 3316 a?
1669 3266 1927 3331 πλείστους

1005 3361 1168 3413 ἔκανεν
1193 3358 1456 3414 Ἑλλάνων

579 3526 655 3593 in
682 3520 1012 3620 ejusdem
1064 3538 1389 3616 1452-54,
1446 3539 1761 3617 1537·39
1796 3533 1845 3595 ⁴.

682 3770 793 3819 Vv.
810 3768 1014 3834 648-493
1039 3769 1234 3831 650-513
1255 3769 1494 3833 654-655,
1480 3787 1492 3799 ·
1523 3770 1719 3834 6676&
1750 3771 1947 3836 670-713
1969 3773 2164 3837 677-773
2187 3773 2384 3838 694-853
2412 3774 2612 3843 694-97·

574 3849 716 3900 '311'ae
737 3854 966 3899 tantum
991 3850 1217 3914 periodi
1241 3850 1532 3914 proodicae
1564 3857 1718 3910 sunt,
1746 3858 1949 3908 cet-erm
1980 3854 2251 3919 epodicae.

581 3924 588 3933 '
638 3932 658 3962 ⁸
681 3928 788 3979 Vv.
810 3928 1011 4002 839f4⁰²
1038 3929 1245 3993 869-72;
1265 3930 1361 3993 890
1368 3944 1478 3993 ·391
1498 3929 1693 3995 898-99.

646 4011 664 4041 ³
693 4009 1360 4072 Vv.114-116;156-157.

641 4090 661 4122 ⁴
682 4105 700 4142 1
737 4089 1051 4139 Dochmius
1075 4089 1351 4155 epodicus
1389 4092 1461 4171 ..l-
1484 4106 1515 4141 2
1541 4090 1680 4142 dim.
1720 4091 2075 4143 dochmiaca.
