<?xml version="1.0" encoding="UTF-8"?>
<!DOCTYPE html PUBLIC "-//W3C//DTD XHTML 1.0 Transitional//EN"
    "http://www.w3.org/TR/xhtml1/DTD/xhtml1-transitional.dtd">
<html xmlns="http://www.w3.org/1999/xhtml" xml:lang="en" lang="en">
 <head>
  <title>
</title>
<meta http-equiv="Content-Type" content="text/html;charset=utf-8" />
  <meta name='ocr-system' content='tesseract 3.04.00' />
  <meta name='ocr-capabilities' content='ocr_page ocr_carea ocr_par ocr_line ocrx_word'/>
</head>
<body>
  <div class='ocr_page' id='page_1' title='image "./deformisquibusd00estgoog_0082.png"; bbox 0 0 3092 4942; ppageno 0'>
   <div class='ocr_carea' id='block_1_1' title="bbox 40 777 143 1201">
    <p class='ocr_par' dir='ltr' id='par_1_1' title="bbox 40 777 143 1201">
     <span class='ocr_line' id='line_1_1' title="bbox 40 777 143 1201; baseline -0.35 1"><span class='ocrx_word' id='word_1_1' title='bbox 40 777 143 1201; x_wconf 75' lang='grc' dir='ltr'>Ξ,</span> 
     </span>
    </p>
   </div>
   <div class='ocr_carea' id='block_1_2' title="bbox 20 3424 147 4717">
    <p class='ocr_par' dir='ltr' id='par_1_2' title="bbox 20 3424 147 4717">
     <span class='ocr_line' id='line_1_2' title="bbox 20 3424 147 4717; baseline 0 0"><span class='ocrx_word' id='word_1_2' title='bbox 20 3424 147 4717; x_wconf 95' lang='lat' dir='ltr'> </span> 
     </span>
    </p>
   </div>
   <div class='ocr_carea' id='block_1_3' title="bbox 1500 537 1782 594">
    <p class='ocr_par' dir='ltr' id='par_1_3' title="bbox 1500 537 1782 594">
     <span class='ocr_line' id='line_1_3' title="bbox 1500 537 1782 594; baseline 0.004 -16"><span class='ocrx_word' id='word_1_3' title='bbox 1500 537 1782 594; x_wconf 79' lang='grc'><strong>-76-</strong></span> 
     </span>
    </p>
   </div>
   <div class='ocr_carea' id='block_1_4' title="bbox 2380 4 3072 641">
    <p class='ocr_par' dir='ltr' id='par_1_4' title="bbox 2380 4 3072 641">
     <span class='ocr_line' id='line_1_4' title="bbox 2380 4 3072 641; baseline 0 4301"><span class='ocrx_word' id='word_1_4' title='bbox 2380 4 3072 641; x_wconf 95' lang='lat' dir='ltr'> </span> 
     </span>
    </p>
   </div>
   <div class='ocr_carea' id='block_1_5' title="bbox 631 687 2660 913">
    <p class='ocr_par' dir='ltr' id='par_1_5' title="bbox 631 687 2660 913">
     <span class='ocr_line' id='line_1_5' title="bbox 631 687 2658 788; baseline -0 -25"><span class='ocrx_word' id='word_1_5' title='bbox 631 690 831 763; x_wconf 88' lang='lat' dir='ltr'>chori</span> <span class='ocrx_word' id='word_1_6' title='bbox 862 693 1255 776; x_wconf 83' lang='lat' dir='ltr'>canticum,</span> <span class='ocrx_word' id='word_1_7' title='bbox 1315 687 1641 788; x_wconf 78' lang='lat' dir='ltr'>ejusdem</span> <span class='ocrx_word' id='word_1_8' title='bbox 1701 691 2073 786; x_wconf 86' lang='lat'>(447-471)</span> <span class='ocrx_word' id='word_1_9' title='bbox 2133 693 2658 787; x_wconf 85' lang='lat' dir='ltr'>commaticum</span> 
     </span>
     <span class='ocr_line' id='line_1_6' title="bbox 631 802 2660 913; baseline 0.001 -28"><span class='ocrx_word' id='word_1_10' title='bbox 631 814 832 911; x_wconf 79' lang='lat' dir='ltr'>chori</span> <span class='ocrx_word' id='word_1_11' title='bbox 899 818 1266 886; x_wconf 81' lang='lat' dir='ltr'>canticum</span> <span class='ocrx_word' id='word_1_12' title='bbox 1333 802 1848 913; x_wconf 66' lang='lat' dir='ltr'>Clytaemestrae</span> <span class='ocrx_word' id='word_1_13' title='bbox 1923 817 2263 888; x_wconf 88' lang='lat' dir='ltr'>trimetris</span> <span class='ocrx_word' id='word_1_14' title='bbox 2304 818 2660 913; x_wconf 83' lang='lat' dir='ltr'>interrup-</span> 
     </span>
    </p>
   </div>
   <div class='ocr_carea' id='block_1_6' title="bbox 610 937 2653 1049">
    <p class='ocr_par' dir='ltr' id='par_1_6' title="bbox 610 937 2653 1049">
     <span class='ocr_line' id='line_1_7' title="bbox 610 937 2653 1049; baseline 0 -38"><span class='ocrx_word' id='word_1_15' title='bbox 610 953 809 1049; x_wconf 73' lang='lat' dir='ltr'>tum.</span> <span class='ocrx_word' id='word_1_16' title='bbox 853 940 1093 1012; x_wconf 84' lang='lat' dir='ltr'>Unica</span> <span class='ocrx_word' id='word_1_17' title='bbox 1131 938 1445 1035; x_wconf 86' lang='lat' dir='ltr'>strophae</span> <span class='ocrx_word' id='word_1_18' title='bbox 1495 937 1834 1037; x_wconf 83' lang='lat' dir='ltr'>periodus</span> <span class='ocrx_word' id='word_1_19' title='bbox 1900 965 1940 1010; x_wconf 91' lang='lat' dir='ltr'>e</span> <span class='ocrx_word' id='word_1_20' title='bbox 2001 938 2285 1013; x_wconf 82' lang='lat' dir='ltr'>duabus</span> <span class='ocrx_word' id='word_1_21' title='bbox 2324 939 2653 1036; x_wconf 83' lang='lat' dir='ltr'>partibus</span> 
     </span>
    </p>
   </div>
   <div class='ocr_carea' id='block_1_7' title="bbox 626 1061 2668 2033">
    <p class='ocr_par' dir='ltr' id='par_1_7' title="bbox 626 1061 2668 2033">
     <span class='ocr_line' id='line_1_8' title="bbox 630 1061 2658 1161; baseline 0 -24"><span class='ocrx_word' id='word_1_22' title='bbox 630 1077 920 1137; x_wconf 84' lang='lat' dir='ltr'>constat</span> <span class='ocrx_word' id='word_1_23' title='bbox 958 1089 1119 1161; x_wconf 80' lang='lat' dir='ltr'>quae</span> <span class='ocrx_word' id='word_1_24' title='bbox 1172 1061 1468 1160; x_wconf 83' lang='lat' dir='ltr'>singula</span> <span class='ocrx_word' id='word_1_25' title='bbox 1534 1063 1969 1135; x_wconf 84' lang='lat' dir='ltr'>dochmiaca</span> <span class='ocrx_word' id='word_1_26' title='bbox 2017 1063 2324 1136; x_wconf 86' lang='lat' dir='ltr'>dimetra</span> <span class='ocrx_word' id='word_1_27' title='bbox 2379 1063 2658 1137; x_wconf 83' lang='lat' dir='ltr'>habent</span> 
     </span>
     <span class='ocr_line' id='line_1_9' title="bbox 630 1186 2668 1300; baseline -0 -39"><span class='ocrx_word' id='word_1_28' title='bbox 630 1214 794 1261; x_wconf 68' lang='lat' dir='ltr'>curn</span> <span class='ocrx_word' id='word_1_29' title='bbox 836 1186 1498 1286; x_wconf 84' lang='lat' dir='ltr'>singulisiambicis</span> <span class='ocrx_word' id='word_1_30' title='bbox 1530 1188 1958 1300; x_wconf 54' lang='lat' dir='ltr'>tetrapodiis</span> <span class='ocrx_word' id='word_1_31' title='bbox 1996 1220 2008 1277; x_wconf 91' lang='lat'>;</span> <span class='ocrx_word' id='word_1_32' title='bbox 2058 1190 2245 1261; x_wconf 89' lang='lat' dir='ltr'>inter</span> <span class='ocrx_word' id='word_1_33' title='bbox 2265 1186 2447 1261; x_wconf 85' lang='lat' dir='ltr'>duas</span> <span class='ocrx_word' id='word_1_34' title='bbox 2491 1214 2668 1285; x_wconf 11' lang='lat' dir='ltr'>par-5</span> 
     </span>
     <span class='ocr_line' id='line_1_10' title="bbox 629 1310 2664 1386; baseline -0.001 0"><span class='ocrx_word' id='word_1_35' title='bbox 629 1326 738 1386; x_wconf 86' lang='lat' dir='ltr'>tes</span> <span class='ocrx_word' id='word_1_36' title='bbox 793 1336 1015 1384; x_wconf 84' lang='lat' dir='ltr'>unum</span> <span class='ocrx_word' id='word_1_37' title='bbox 1082 1310 1466 1384; x_wconf 85' lang='lat' dir='ltr'>dimetrum</span> <span class='ocrx_word' id='word_1_38' title='bbox 1511 1310 2025 1384; x_wconf 81' lang='lat' dir='ltr'>dochmiacum</span> <span class='ocrx_word' id='word_1_39' title='bbox 2069 1316 2400 1386; x_wconf 85' lang='lat' dir='ltr'>interest.</span> <span class='ocrx_word' id='word_1_40' title='bbox 2459 1314 2664 1385; x_wconf 83' lang='lat' dir='ltr'>Iam-</span> 
     </span>
     <span class='ocr_line' id='line_1_11' title="bbox 630 1436 2657 1532; baseline -0.001 -22"><span class='ocrx_word' id='word_1_41' title='bbox 630 1438 797 1510; x_wconf 81' lang='lat' dir='ltr'>bica</span> <span class='ocrx_word' id='word_1_42' title='bbox 865 1449 1108 1510; x_wconf 73' lang='lat' dir='ltr'>autem</span> <span class='ocrx_word' id='word_1_43' title='bbox 1178 1437 1611 1532; x_wconf 81' lang='lat' dir='ltr'>tetrapodia‚</span> <span class='ocrx_word' id='word_1_44' title='bbox 1690 1460 1850 1532; x_wconf 76' lang='lat' dir='ltr'>quae</span> <span class='ocrx_word' id='word_1_45' title='bbox 1898 1439 2082 1510; x_wconf 82' lang='lat' dir='ltr'>duas</span> <span class='ocrx_word' id='word_1_46' title='bbox 2137 1452 2378 1532; x_wconf 81' lang='lat' dir='ltr'>partes</span> <span class='ocrx_word' id='word_1_47' title='bbox 2438 1436 2657 1510; x_wconf 86' lang='lat' dir='ltr'>doch-</span> 
     </span>
     <span class='ocr_line' id='line_1_12' title="bbox 633 1560 2657 1659; baseline 0 -25"><span class='ocrx_word' id='word_1_48' title='bbox 633 1565 906 1634; x_wconf 79' lang='lat' dir='ltr'>miacas</span> <span class='ocrx_word' id='word_1_49' title='bbox 943 1560 1284 1657; x_wconf 81' lang='lat' dir='ltr'>sejungit,</span> <span class='ocrx_word' id='word_1_50' title='bbox 1336 1560 1756 1632; x_wconf 76' lang='lat' dir='ltr'>inesodicon</span> <span class='ocrx_word' id='word_1_51' title='bbox 1827 1576 1963 1652; x_wconf 83' lang='lat' dir='ltr'>est,</span> <span class='ocrx_word' id='word_1_52' title='bbox 1996 1561 2193 1659; x_wconf 84' lang='lat' dir='ltr'>quod</span> <span class='ocrx_word' id='word_1_53' title='bbox 2237 1566 2313 1634; x_wconf 88' lang='lat' dir='ltr'>in</span> <span class='ocrx_word' id='word_1_54' title='bbox 2364 1588 2452 1636; x_wconf 86' lang='lat' dir='ltr'>eo</span> <span class='ocrx_word' id='word_1_55' title='bbox 2492 1563 2657 1635; x_wconf 87' lang='lat' dir='ltr'>loco</span> 
     </span>
     <span class='ocr_line' id='line_1_13' title="bbox 628 1683 2644 1785; baseline 0 -26"><span class='ocrx_word' id='word_1_56' title='bbox 628 1713 778 1759; x_wconf 89' lang='lat' dir='ltr'>non</span> <span class='ocrx_word' id='word_1_57' title='bbox 833 1686 1023 1757; x_wconf 88' lang='lat' dir='ltr'>idem</span> <span class='ocrx_word' id='word_1_58' title='bbox 1084 1683 1321 1756; x_wconf 80' lang='lat' dir='ltr'>valere</span> <span class='ocrx_word' id='word_1_59' title='bbox 1380 1683 1662 1756; x_wconf 79' lang='lat' dir='ltr'>videtur</span> <span class='ocrx_word' id='word_1_60' title='bbox 1720 1684 1914 1782; x_wconf 86' lang='lat' dir='ltr'>quod</span> <span class='ocrx_word' id='word_1_61' title='bbox 1957 1685 2406 1785; x_wconf 85' lang='lat' dir='ltr'>plerumque.</span> <span class='ocrx_word' id='word_1_62' title='bbox 2456 1687 2644 1760; x_wconf 87' lang='lat' dir='ltr'>Cum</span> 
     </span>
     <span class='ocr_line' id='line_1_14' title="bbox 626 1809 2664 1907; baseline 0 -23"><span class='ocrx_word' id='word_1_63' title='bbox 626 1815 825 1884; x_wconf 87' lang='lat' dir='ltr'>enim</span> <span class='ocrx_word' id='word_1_64' title='bbox 896 1809 1407 1907; x_wconf 72' lang='lat' dir='ltr'>Clytaemestrae</span> <span class='ocrx_word' id='word_1_65' title='bbox 1486 1812 1808 1882; x_wconf 79' lang='lat' dir='ltr'>trimetra</span> <span class='ocrx_word' id='word_1_66' title='bbox 1881 1809 2083 1881; x_wconf 87' lang='lat' dir='ltr'>chori</span> <span class='ocrx_word' id='word_1_67' title='bbox 2160 1826 2459 1884; x_wconf 87' lang='lat' dir='ltr'>cantum</span> <span class='ocrx_word' id='word_1_68' title='bbox 2541 1813 2664 1885; x_wconf 82' lang='lat' dir='ltr'>bis</span> 
     </span>
     <span class='ocr_line' id='line_1_15' title="bbox 629 1934 2654 2033; baseline 0.002 -27"><span class='ocrx_word' id='word_1_69' title='bbox 629 1936 1177 2030; x_wconf 78' lang='lat' dir='ltr'>interrumpam,</span> <span class='ocrx_word' id='word_1_70' title='bbox 1282 1947 1562 2029; x_wconf 87' lang='lat' dir='ltr'>oportet</span> <span class='ocrx_word' id='word_1_71' title='bbox 1673 1947 2057 2030; x_wconf 84' lang='lat' dir='ltr'>utrumque</span> <span class='ocrx_word' id='word_1_72' title='bbox 2140 1934 2654 2033; x_wconf 78' lang='lat' dir='ltr'>dochmiacum</span> 
     </span>
    </p>
   </div>
   <div class='ocr_carea' id='block_1_8' title="bbox 631 2055 2652 2157">
    <p class='ocr_par' dir='ltr' id='par_1_8' title="bbox 631 2055 2652 2157">
     <span class='ocr_line' id='line_1_16' title="bbox 631 2055 2652 2157; baseline 0.002 -26"><span class='ocrx_word' id='word_1_73' title='bbox 631 2059 1029 2132; x_wconf 83' lang='lat' dir='ltr'><strong>membrum</strong></span> <span class='ocrx_word' id='word_1_74' title='bbox 1062 2082 1187 2154; x_wconf 91' lang='lat' dir='ltr'>per</span> <span class='ocrx_word' id='word_1_75' title='bbox 1242 2082 1319 2129; x_wconf 88' lang='lat' dir='ltr'>se</span> <span class='ocrx_word' id='word_1_76' title='bbox 1359 2055 1596 2152; x_wconf 87' lang='lat' dir='ltr'>ipsum</span> <span class='ocrx_word' id='word_1_77' title='bbox 1632 2057 1895 2130; x_wconf 81' lang='lat' dir='ltr'>valeat.</span> <span class='ocrx_word' id='word_1_78' title='bbox 1946 2057 2191 2151; x_wconf 73' lang='lat' dir='ltr'><strong>Quam</strong></span> <span class='ocrx_word' id='word_1_79' title='bbox 2235 2060 2652 2157; x_wconf 80' lang='lat' dir='ltr'>dispositio-</span> 
     </span>
    </p>
   </div>
   <div class='ocr_carea' id='block_1_9' title="bbox 630 2181 2655 2282">
    <p class='ocr_par' dir='ltr' id='par_1_9' title="bbox 630 2181 2655 2282">
     <span class='ocr_line' id='line_1_17' title="bbox 630 2181 2655 2282; baseline 0.001 -26"><span class='ocrx_word' id='word_1_80' title='bbox 630 2208 798 2256; x_wconf 88' lang='lat' dir='ltr'>nem</span> <span class='ocrx_word' id='word_1_81' title='bbox 840 2186 914 2254; x_wconf 84' lang='lat' dir='ltr'>in</span> <span class='ocrx_word' id='word_1_82' title='bbox 948 2181 1276 2278; x_wconf 82' lang='lat' dir='ltr'>longiore</span> <span class='ocrx_word' id='word_1_83' title='bbox 1303 2196 1372 2252; x_wconf 89' lang='lat' dir='ltr'>et</span> <span class='ocrx_word' id='word_1_84' title='bbox 1406 2181 1634 2254; x_wconf 87' lang='lat' dir='ltr'>multo</span> <span class='ocrx_word' id='word_1_85' title='bbox 1679 2185 1918 2256; x_wconf 82' lang='lat' dir='ltr'>minus</span> <span class='ocrx_word' id='word_1_86' title='bbox 1940 2185 2252 2282; x_wconf 85' lang='lat' dir='ltr'>simplici</span> <span class='ocrx_word' id='word_1_87' title='bbox 2295 2186 2655 2260; x_wconf 82' lang='lat' dir='ltr'>Troadum</span> 
     </span>
    </p>
   </div>
   <div class='ocr_carea' id='block_1_10' title="bbox 626 2304 2664 2518">
    <p class='ocr_par' dir='ltr' id='par_1_10' title="bbox 626 2304 2664 2518">
     <span class='ocr_line' id='line_1_18' title="bbox 630 2304 2664 2443; baseline 0.002 -63"><span class='ocrx_word' id='word_1_88' title='bbox 630 2307 988 2405; x_wconf 81' lang='lat' dir='ltr'>periodo</span> <span class='ocrx_word' id='word_1_89' title='bbox 972 2304 1449 2379; x_wconf 83' lang='lat' dir='ltr'>inveniemus.</span> <span class='ocrx_word' id='word_1_90' title='bbox 1500 2305 1785 2379; x_wconf 84' lang='lat' dir='ltr'>Liceat</span> <span class='ocrx_word' id='word_1_91' title='bbox 1801 2306 2123 2405; x_wconf 80' lang='lat' dir='ltr'>(lenique</span> <span class='ocrx_word' id='word_1_92' title='bbox 2177 2309 2430 2443; x_wconf 73' lang='lat' dir='ltr'>referre</span> <span class='ocrx_word' id='word_1_93' title='bbox 2460 2312 2664 2384; x_wconf 80' lang='lat' dir='ltr'><em>Bac-</em></span> 
     </span>
     <span class='ocr_line' id='line_1_19' title="bbox 626 2420 2120 2518; baseline 0 -21"><span class='ocrx_word' id='word_1_94' title='bbox 626 2425 925 2497; x_wconf 75' lang='lat' dir='ltr'><em>charum</em></span> <span class='ocrx_word' id='word_1_95' title='bbox 959 2420 1385 2518; x_wconf 80' lang='lat'><strong>(977·1023)</strong></span> <span class='ocrx_word' id='word_1_96' title='bbox 1415 2422 1611 2495; x_wconf 83' lang='lat' dir='ltr'>chori</span> <span class='ocrx_word' id='word_1_97' title='bbox 1656 2429 2027 2497; x_wconf 76' lang='lat' dir='ltr'>(anticum</span> <span class='ocrx_word' id='word_1_98' title='bbox 2067 2437 2120 2497; x_wconf 90' lang='lat'>¹.</span> 
     </span>
    </p>
   </div>
   <div class='ocr_carea' id='block_1_11' title="bbox 691 2678 1984 2763">
    <p class='ocr_par' dir='ltr' id='par_1_11' title="bbox 691 2678 1984 2763">
     <span class='ocr_line' id='line_1_20' title="bbox 691 2678 1984 2763; baseline 0.002 -33"><span class='ocrx_word' id='word_1_99' title='bbox 691 2683 703 2710; x_wconf 84' lang='lat'>¹</span> <span class='ocrx_word' id='word_1_100' title='bbox 727 2697 757 2730; x_wconf 82' lang='lat'><em>2</em></span> <span class='ocrx_word' id='word_1_101' title='bbox 784 2680 1097 2731; x_wconf 70' lang='lat' dir='ltr'>bacchinon</span> <span class='ocrx_word' id='word_1_102' title='bbox 1125 2678 1246 2727; x_wconf 87' lang='lat' dir='ltr'>dim</span> <span class='ocrx_word' id='word_1_103' title='bbox 1268 2700 1337 2763; x_wconf 42' lang='grc' dir='ltr'>ᾗ,-</span> <span class='ocrx_word' id='word_1_104' title='bbox 1363 2692 1385 2728; x_wconf 92' lang='lat'>1</span> <span class='ocrx_word' id='word_1_105' title='bbox 1407 2678 1543 2731; x_wconf 85' lang='lat' dir='ltr'>dim.</span> <span class='ocrx_word' id='word_1_106' title='bbox 1578 2682 1984 2734; x_wconf 83' lang='lat' dir='ltr'>dochmiacum</span> 
     </span>
    </p>
   </div>
   <div class='ocr_carea' id='block_1_12' title="bbox 629 2770 1978 2908">
    <p class='ocr_par' dir='ltr' id='par_1_12' title="bbox 629 2770 1978 2908">
     <span class='ocr_line' id='line_1_21' title="bbox 728 2770 1978 2840; baseline 0.004 -22"><span class='ocrx_word' id='word_1_107' title='bbox 728 2785 758 2819; x_wconf 68' lang='grc' dir='ltr'>α</span> <span class='ocrx_word' id='word_1_108' title='bbox 784 2770 1092 2822; x_wconf 77' lang='lat' dir='ltr'>bacchiaca</span> <span class='ocrx_word' id='word_1_109' title='bbox 1111 2773 1233 2823; x_wconf 88' lang='lat' dir='ltr'>dim</span> <span class='ocrx_word' id='word_1_110' title='bbox 1261 2779 1329 2840; x_wconf 55' lang='grc'>-4-</span> <span class='ocrx_word' id='word_1_111' title='bbox 1362 2788 1383 2823; x_wconf 90' lang='lat'>1</span> <span class='ocrx_word' id='word_1_112' title='bbox 1415 2772 1978 2823; x_wconf 78' lang='lat' dir='ltr'>dlm.dochmiaoun1</span> 
     </span>
     <span class='ocr_line' id='line_1_22' title="bbox 629 2858 1878 2908; baseline 0 -1"><span class='ocrx_word' id='word_1_113' title='bbox 629 2858 725 2907; x_wconf 86' lang='lat' dir='ltr'>vel</span> <span class='ocrx_word' id='word_1_114' title='bbox 756 2858 988 2908; x_wconf 79' lang='lat' dir='ltr'>forsan:</span> <span class='ocrx_word' id='word_1_115' title='bbox 1565 2864 1580 2877; x_wconf 81' lang='lat'><em>&#39;</em></span> <span class='ocrx_word' id='word_1_116' title='bbox 1873 2872 1878 2877; x_wconf 82' lang='grc'><strong>’</strong></span> 
     </span>
    </p>
   </div>
   <div class='ocr_carea' id='block_1_13' title="bbox 628 2940 2658 3176">
    <p class='ocr_par' dir='ltr' id='par_1_13' title="bbox 628 2940 2658 3176">
     <span class='ocr_line' id='line_1_23' title="bbox 824 2940 1534 2992; baseline -0.001 -1"><span class='ocrx_word' id='word_1_117' title='bbox 824 2983 830 2991; x_wconf 95' lang='grc'><em>.</em></span> <span class='ocrx_word' id='word_1_118' title='bbox 874 2955 904 2989; x_wconf 85' lang='lat'><strong>2</strong></span> <span class='ocrx_word' id='word_1_119' title='bbox 930 2940 1157 2992; x_wconf 76' lang='lat' dir='ltr'>bacchii</span> <span class='ocrx_word' id='word_1_120' title='bbox 1175 2957 1281 2991; x_wconf 81' lang='lat'>—2</span> <span class='ocrx_word' id='word_1_121' title='bbox 1309 2942 1534 2992; x_wconf 80' lang='lat' dir='ltr'>bacchii</span> 
     </span>
     <span class='ocr_line' id='line_1_24' title="bbox 874 3019 1553 3077; baseline 0.013 -9"><span class='ocrx_word' id='word_1_122' title='bbox 874 3019 905 3068; x_wconf 88' lang='lat'>3</span> <span class='ocrx_word' id='word_1_123' title='bbox 930 3021 1176 3071; x_wconf 82' lang='lat' dir='ltr'>dimetra</span> <span class='ocrx_word' id='word_1_124' title='bbox 1195 3022 1553 3077; x_wconf 63' lang='lat' dir='ltr'>dochmiaca„</span> 
     </span>
     <span class='ocr_line' id='line_1_25' title="bbox 628 3095 2658 3176; baseline 0.006 -30"><span class='ocrx_word' id='word_1_125' title='bbox 628 3098 676 3147; x_wconf 86' lang='lat' dir='ltr'>si</span> <span class='ocrx_word' id='word_1_126' title='bbox 696 3098 939 3150; x_wconf 82' lang='lat' dir='ltr'>Nauckii</span> <span class='ocrx_word' id='word_1_127' title='bbox 955 3100 1402 3164; x_wconf 84' lang='lat' dir='ltr'>dispositionem</span> <span class='ocrx_word' id='word_1_128' title='bbox 1431 3116 1744 3167; x_wconf 75' lang='lat' dir='ltr'>sequemur</span> <span class='ocrx_word' id='word_1_129' title='bbox 1765 3095 2085 3167; x_wconf 77' lang='lat' dir='ltr'>suppresso</span> <span class='ocrx_word' id='word_1_130' title='bbox 2120 3108 2316 3153; x_wconf 82' lang='lat' dir='ltr'>tamen</span> <span class='ocrx_word' id='word_1_131' title='bbox 2363 3105 2658 3176; x_wconf 78' lang='grc' dir='ltr'>θανάσιμον.</span> 
     </span>
    </p>
   </div>
   <div class='ocr_carea' id='block_1_14' title="bbox 2422 2078 3073 4892">
    <p class='ocr_par' dir='ltr' id='par_1_14' title="bbox 2422 2078 3073 4892">
     <span class='ocr_line' id='line_1_26' title="bbox 2422 2078 3073 4892; baseline 0 0"><span class='ocrx_word' id='word_1_132' title='bbox 2422 2078 3073 4892; x_wconf 95' lang='lat' dir='ltr'>      </span> 
     </span>
    </p>
   </div>
  </div>
 </body>
</html>
