3092 4942
940 832 943 837 ”
1006 856 1128 919 De
1153 854 1416 919 variis
1445 848 1800 921 dochmii
1825 853 2112 933 formis

629 1322 813 1395 Cum
890 1326 1363 1421 unaquaeque
1455 1326 1640 1394 arsis
1747 1322 2028 1410 resolvi,
2099 1349 2562 1421 unaquaeque

489 1446 724 1520 thesis
814 1446 1116 1548 produci
1193 1451 1447 1543 possit,
1519 1472 1647 1543 pes
1714 1447 2195 1521 dochmiacus
2260 1452 2575 1521 maxime

535 1574 775 1663 varias
840 1569 1109 1649 formas
1170 1570 1440 1643 habere
1481 1585 1752 1667 potest.
1801 1571 2092 1671 Seidpler
2136 1584 2151 1613 ¹
2196 1577 2394 1645 cuim
2429 1574 2579 1645 duo

535 1708 607 1766 et
694 1697 1002 1790 triginta
1050 1776 1053 1777 7
1105 1688 1488 1794 dochmios
1574 1710 1932 1787 numerat,
2007 1722 2312 1795 quorum
2418 1721 2567 1769 non

532 1822 880 1892 omnium
904 1823 1356 1915 reperiuntur
1393 1834 1587 1893 certa
1604 1821 1965 1923 ..exempla
1996 1833 2046 1894 ‘.
2094 1822 2201 1894 Ex
2240 1846 2385 1919 quo
2425 1844 2577 1893 non

535 1956 646 2017 est
702 1944 1248 2017 conficiendum
1311 1944 1498 2016 inter
1560 1950 1801 2019 varias
1866 1973 1994 2021 eas
2047 1947 2315 2019 formas
2367 1971 2578 2044 quas-

534 2070 706 2140 dam
810 2093 991 2159 esse,
1081 2095 1240 2167 quae
1315 2055 1701 2168 nunquam
1794 2075 1960 2145 sint·
2015 2070 2389 2160 adhibitae‚
2448 2071 2576 2143 sed

535 2194 970 2268 dochmiaca
1009 2199 1302 2267 cantica
1335 2220 1497 2293 quae
1536 2184 1829 2268 exstent
1863 2222 2010 2291 non
2053 2205 2314 2268 omnes
2352 2195 2578 2269 doch·

519 2322 669 2393 'mii
712 2319 984 2405 formas
1023 2317 1324 2393 habere.
1388 2319 1818 2394 Secundum
1862 2319 2166 2393 formam
2203 2320 2465 2394 arsium
2508 2333 2580 2392 et

539 2444 865 2517 thesium
903 2444 1287 2543 Westphal
1316 2443 1701 2518 dochmios
1740 2443 1816 2515 in
1845 2457 2187 2541 quattuor
2242 2443 2573 2532 classes³,

539 2567 884 2641 Schmidt
914 2588 1158 2641 autem
1193 2568 1483 2643 Seidler
1546 2573 1936 2642 dochmios
1978 2573 2055 2641 in
2097 2583 2265 2643 octo
2306 2570 2581 2675 classes

536 2693 923 2783 distribuit,
955 2705 1003 2780 ⁴,
1070 2718 1374 2791 quorum
1419 2686 1568 2765 non
1634 2684 2152 2792 pl'ures'quam
2194 2694 2339 2768 duo
2377 2707 2449 2766 et
2477 2698 2578 2766 vi-

541 2821 730 2916 ginti
766 2816 1145 2891 confirmat
1174 2818 1544 2915 'exemplis
1571 2844 1742 2916 quae
1802 2818 1897 2890 ab
1931 2818 2291 2918 AEschylo
2342 2832 2412 2891 et
2443 2818 2579 2891 So·

538 2941 798 3038 phocle
828 2954 899 3014 et
932 2942 1276 3039 Euripide
1318 2955 1735 3017 mutuatur.-
1763 2943 1942 3015 Tres
1970 2955 2247 3032 autem,
2272 2955 2460 3017 'curn
2502 2947 2577 3014 in

463 3094 466 3097 ’
543 3066 1001 3163 antistropha
1097 3092 1260 3139 curn
1301 3059 1678 3141 ‘dochmio
1748 3068 2051 3141 alterius
2101 3066 2372 3141 formae
2409 3067 2581 3140 con-

543 3202 864 3289 gruant⁵,
914 3172 1167 3287 parum
1200 3196 1372 3266 certi
1415 3192 1509 3264 ab
1540 3218 1628 3265 eo
1658 3192 2058 3282 habentur.
2102 3193 2183 3264 In
2228 3196 2336 3265 eis
2359 3196 2581 3289 igitur

610 3396 622 3424 ¹
651 3394 888 3455 Seidler‚
912 3395 999 3444 De
1027 3395 1278 3446 versibus
1314 3395 1664 3446 dochmiacis
1697 3396 2054 3462 tragicorum
2091 3411 2437 3461 groecorum.

604 3476 623 3505 ²
646 3474 977 3540 Westplial.
1005 3476 1254 3536 Mem-ik&
1278 3490 1336 3541 p.
1359 3476 1468 3539 764.

605 3555 623 3584 ³
651 3553 723 3603 V.
746 3554 1032 3604 Tabulam
1059 3556 1464 3607 dochmiorum
1484 3557 1641 3623 apud
1665 3557 1994 3626 Westphal,
2028 3556 2278 3617 Men-ile,
2322 3572 2377 3623 p.
2408 3557 2517 3619 776.

604 3635 621 3664 ⁴
649 3633 721 3683 V.
741 3634 790 3684 J.
820 3634 892 3684 Η.
912 3634 1187 3696 Schmidt,
1219 3635 1448 3696 Metrik,
1471 3651 1569 3702 pp.
1602 3638 1714 3696 511,
1745 3638 1863 3687 512.

605 3715 624 3745 ⁵
652 3713 725 3764 V.
755 3713 990 3773 Seidler‚
1020 3715 1063 3776 Ι,
1089 3730 1147 3779 p.
1180 3730 1271 3780 109
1302 3717 1450 3766 :«In
1479 3718 1824 3767 universum
1844 3717 2162 3768 observare
2191 3716 2327 3766 lieet
2346 3715 2584 3780 AEschy-
2609 3736 2622 3749 ·

542 3792 667 3842 lum
696 3799 752 3844 et
779 3793 1140 3858 Sophoclem,
1173 3796 1224 3844 si
1239 3796 1430 3860 maj0r
1451 3796 1717 3846 locorum
1757 3810 2037 3847 numerus
2086 3799 2394 3860 spectetur,
2448 3809 2583 3844 ean-

545 3873 677 3923 dem
704 3888 821 3939 qua
848 3875 911 3923 in
936 3876 1178 3940 stropha
1192 3876 1287 3925 usi
1316 3882 1471 3937 sunt,
1504 3877 1760 3926 maxime
1785 3877 1837 3926 si
1856 3875 2205 3926 insolentior
2227 3875 2322 3938 sit,
2348 3875 2412 3925 in
2432 3875 2584 3925 anti-

548 3953 793 4018 stropha
823 3953 1072 4003 formam
1100 3955 1390 4015 reducere,
1419 3955 1950 4021 Euripidemvem,
1980 3960 2045 4005 ut
2068 3956 2132 4006 in
2159 3954 2315 4016 aliis,
2372 3956 2456 4006 ita
2470 3955 2581 4005 hae

547 4048 781 4099 quoque
810 4035 872 4084 in
889 4050 949 4085 re
979 4050 1040 4085 se
1059 4035 1236 4100 paulo
1263 4037 1512 4100 gessisse
1539 4037 1888 4095 liberiorem.
1919 4052 1955 4087 »
