3092 4942
604 1100 728 1165 De
805 1101 1381 1166 consecutione
1439 1098 1782 1173 kdfflsg'iw
1840 1131 1939 1166 w,
2000 1131 2149 1166 uui
2184 1120 2404 1173 t—v—

598 1660 1001 1752 Quoniam,
1059 1673 1136 1733 ut
1184 1661 1332 1758 jam
1375 1677 1546 1734 ante
1588 1661 1861 1758 dictum
1912 1674 2065 1749 est,
2144 1659 2529 1732 dochmius

414 1814 415 1817 ¹
495 1788 813 1865 maxime
871 1784 1104 1858 varias
1177 1786 1446 1858 formas
1510 1786 1756 1889 habet,
1817 1787 1968 1873 fieri
2041 1799 2299 1883 potest,
2366 1809 2529 1856 cum

494 1913 628 1982 uni
665 1908 1007 1982 dochmio
1050 1909 1261 2007 hujus
1303 1913 1546 1983 iormae
1575 1950 1614 1975 υ
1643 1961 1685 1966 -
1701 1949 1993 1976 υυυυυ
2024 1910 2207 1982 alter
2231 1913 2534 1981 semire-

498 2035 779 2108 solutus
802 2039 1146 2126 succedit,
1181 2049 1258 2108 ut
1307 2035 1562 2107 eadem
1599 2050 1831 2108 exstet
1863 2036 2184 2108 brevium
2221 2033 2529 2131 syllaba·

498 2183 656 2231 rum
685 2163 1108 2233 consecutio
1185 2174 1405 2258 atque
1458 2186 1547 2232 ea
1580 2186 1749 2257 quae
1781 2186 1869 2232 ex
1893 2182 2040 2233 uno
2071 2159 2386 2231 resoluto
2410 2173 2531 2230 aut

496 2307 718 2381 prope
758 2288 1063 2357 omnino
1102 2285 1418 2358 resoluto
1446 2284 1792 2358 dochmio
1817 2284 1932 2357 fit.
1978 2284 2530 2381 Anquirendum

493 2422 607 2478 est
671 2390 888 2505 igitur
952 2422 1186 2482 utrum
1254 2435 1341 2481 ea
1401 2413 1827 2482 consecutio
1882 2409 2100 2499 idem,
2175 2408 2369 2505 quod
2441 2407 2534 2480 ad

503 2535 856 2605 musicam
901 2537 1233 2629 pertinet,
1287 2532 1542 2607 *valeat*
1586 2547 1805 2632 atque
1842 2560 1927 2605 ea
1985 2535 2076 2606 de
2136 2559 2282 2630 qua
2322 2559 2533 2630 supra

495 2671 746 2729 actum
779 2672 912 2744 est,
952 2657 1231 2732 scilicet
1269 2650 1509 2732 utrum
1770 2669 1775 2674 ’

690 2857 1030 2911 w-Q]Qw
1086 2859 1647 2914 uouwQ[-o-.

406 3036 441 3053 ‘¹
509 3015 704 3089 idem
740 3018 827 3091 sit
853 3031 1073 3115 atque

722 3235 1321 3272 0002)va

608 3428 855 3500 Primo
897 3418 1243 3526 adspectu
1262 3432 1371 3501 'eae
1405 3428 1963 3530 consecutiones
1995 3410 2301 3501 omnino
2342 3433 2540 3502 simi-

506 3552 610 3625 les
649 3551 1009 3624 videntur.
1058 3554 1248 3626 Nam
1290 3558 1348 3626 si
1383 3553 1899 3626 dochmiacum
1949 3556 2205 3650 pedem
2254 3554 2546 3627 'resolu-

509 3690 659 3750 tum
711 3676 1283 3766 consideramus,
1336 3678 1515 3751 nihil
1571 3678 1779 3752 ,aliud
1823 3683 2063 3775 primo
2104 3678 2547 3775 adspicimus

446 3892 449 3895 ‚
509 3801 645 3873 nisi
729 3801 1226 3874 inordinatam
1318 3807 1919 3876 consecutionem
1996 3803 2317 3877 brevium
2378 3830 2546 3900 quae

512 3951 981 4023 nequaquam
1011 3925 1182 3999 aliae
1210 3927 1306 3999 ab
1337 3927 1503 4000 aliis
1528 3928 2036 4000 dinoscuntur.
2073 3929 2358 4002 Tamen
2395 3928 2549 3999 ani-

511 4050 959 4124 madvertere
1012 4066 1294 4149 oportet
1327 4051 1670 4148 majore-m
1726 4056 2172 4124 minoremve
2231 4052 2549 4125 brevium

507 4179 769 4249 seriem
804 4179 881 4249 in
904 4175 1234 4274 quolibet
1267 4175 1412 4250 alio
1445 4202 1741 4275 quoque
1770 4176 2107 4274 rhythmo
2128 4176 2280 4250 fieri
2309 4202 2548 4275 posse.
