3092 4942
1356 597 1423 611 ...
1464 568 1531 624 33

596 724 704 795 Eo
743 700 1033 795 facilius
1062 732 1170 793 est
1203 718 1458 824 inehac
1488 718 1791 814 periodo
1835 716 2194 814 epodicon
2261 716 2521 811 discer-

494 871 696 936 nere,
730 844 926 943 quod
959 843 1029 919 id
1078 843 1483 917 membrum
1516 841 2032 915 dochmiacum
2068 866 2213 913 non
2238 857 2370 914 est.
2577 931 2581 934 Α

504 990 509 994 ’
599 973 905 1068 Propter
976 968 1533 1043 similitudinem
1630 966 1934 1040 duorum
2042 965 2526 1039 membrorum

499 1122 659 1194 quae
691 1107 858 1171 sunt
885 1098 1073 1167 inter
1091 1119 1168 1167 se
1194 1092 1618 1189 conjuncta,
1661 1091 1855 1163 hanc
1890 1091 2268 1187 periodum
2301 1115 2527 1162 amoe·
2618 1128 2624 1155 ι
2719 1068 2726 1079 x

499 1219 637 1292 baei
706 1233 964 1293 cantus
1018 1217 1321 1291 Helenae
1387 1229 1459 1290 et
1520 1215 1847 1290 Menelai
1918 1216 2323 1313 epodicam‚
2379 1240 2529 1288 non

502 1342 954 1417 mesodicam
985 1352 1035 1430 ¹,
1070 1340 1398 1414 dicemus
1431 1375 1450 1414 .-

753 1542 855 1602 Οόκ
887 1545 963 1600 ἐπὶ
991 1546 1170 1616 λέκτρα
1199 1546 1476 1617 βαρβάρου
1508 1546 1693 1611 νεανία,

751 1645 1023 1717 πετομένας
1052 1647 1244 1712 κώπας,
1277 1645 1287 1712 Ι
1319 1645 1604 1714 πετωμένου
1639 1644 1813 1713 &3902-

733 1727 744 1737 '
952 1736 957 1740 ⁴
1005 1761 1086 1804 τος
1113 1739 1298 1794 ἀδίκων
1326 1744 1522 1813 γάμων.

607 1922 714 1994 Ex
777 1923 1053 1994 iteratis
1127 1917 1367 1992 verbis
1416 1930 1978 2002 πετομέναςπετομένου
2033 1932 2330 2017 apparet
2409 1918 2541 1990 hos

435 2141 444 2148 ·
500 2045 893 2120 dochmios
952 2048 1028 2116 in
1086 2069 1313 2117 unum
1364 2042 1752 2143 dimetrum
1807 2042 2254 2140 conjungere
2328 2069 2550 2140 opor-

501 2154 688 2258 teress
730 2182 800 2242 et
838 2167 1227 2242 verisimile
1256 2181 1364 2241 est
1396 2167 1792 2241 melodiam
1825 2193 2119 2265 quoque
2154 2171 2228 2239 in
2255 2167 2544 2242 duabus
2627 2232 2632 2239 ,

511 2293 815 2367 membri
876 2290 1204 2391 partibus
1269 2317 1491 2389 prope
1557 2291 1874 2396 similem
1913 2291 2159 2365 fuisse.
2237 2294 2316 2364 In
2358 2291 2547 2389 ejus-

513 2418 708 2492 modi
772 2433 1017 2491 autem
1071 2416 1395 2515 periodis
1477 2416 1865 2513 epodicum
1924 2416 2328 2491 membrum
2398 2417 2547 2491 sive

508 2543 751 2625 verbis
807 2546 958 2615 sive
1024 2541 1352 2616 dochmii
1427 2541 1660 2614 forma
1708 2531 2544 2641 colorem'habitumque

515 2668 740 2743 totius
778 2692 1025 2740 versus
1064 2667 1310 2742 efficit.

615 2793 833 2866 Hanc
908 2807 1167 2865 contra
1216 2790 1600 2888 periodum
1654 2789 1978 2893 ejusdem
2050 2804 2314 2864 cantus
2356 2795 2557 2865 anti-

518 2918 869 2991 theticam
927 2914 1193 2989 habere
1235 2930 1546 3013 oportet,
1609 2894 1990 3011 propterea
2029 2916 2229 3014 quod
2284 2920 2558 3014 primus
2652 2907 2656 2911 ¹

404 3114 409 3117 ,
514 3056 588 3115 et
626 3045 877 3129 tertius
907 3040 1232 3113 dochmii
1267 3044 1532 3115 iterata
1562 3046 1783 3112 verba
1829 3045 2215 3114 continent
2253 3053 2324 3113 et
2363 3040 2560 3138 ejus-

508 3166 686 3239 dem
726 3165 971 3238 formae
1012 3178 1181 3238 sunt
1228 3144 1265 3237 ε’

619 3344 933 3418 Comma
971 3352 1022 3404 Φ
1070 3377 1083 3414 ;

701 3548 889 3620 ἄγαμος
914 3548 1132 3616 ἄτεκνος,
1157 3539 1200 3600 ὦ
1230 3549 1243 3616 Ι
1274 3554 1410 3604 πόσι.
1442 3551 1722 3602 καταστένει
1756 3549 1766 3618 Ι
1798 3550 1961 3620 γάμον
1991 3548 2184 3621 ἄγαμον
2206 3547 2342 3620 ἐμόν.

702 3648 867 3685 υυυ
934 3655 1102 3685 &auu
1157 3643 1317 3698 -Ηυ
1393 3643 1988 3702 υυ-υ-Ηυυυ
2044 3657 2147 3685 ww
2219 3658 2324 3685 ψ-

626 3806 1286 3881 Con'siderabimus
1315 3810 1627 3904 primurn
1660 3833 1785 3880 eas
1813 3805 2151 3903 periodos
2172 3832 2333 3904 quae
2360 3832 2399 3878 e
2426 3811 2571 3879 sin-

592 4115 607 4146 ¹
635 4113 864 4166 Helence
889 4115 1087 4167 666-68.
1119 4116 1190 4166 V.
1209 4115 1240 4166 J
1252 4115 1362 4168 .·H.
1388 4116 1669 4177 Sehmidt‚
1695 4116 1801 4166 Die
1829 4116 2152 4177 Monodien,
2173 4132 2229 4181 p.
2248 4131 2448 4197 cxxvr.
