3092 4942
1485 579 1659 635 ...74
1699 609 1762 620 ..-

705 729 783 801 b.
842 775 917 785 -—
959 731 1039 801 In
1089 728 1450 827 plerisque
1477 728 1732 801 harum
1764 728 2222 825 periodorum
2249 724 2623 803 allbeome·

604 838 861 941 tticum
893 869 1085 939 κῶλον,
1135 857 1285 929 sive
1317 852 1727 950 tetrap'odia
1795 857 1952 926 sive
2014 854 2429 950 hexapodia
2466 881 2638 929 curn

514 1070 535 1093 ⁶
604 978 949 1053 dochmio
1008 975 1161 1051 aut'
1203 963 1365 1050 cum
1429 954 1866 1050 dochmiaco
1923 977 2231 1051 dimetro
2270 978 2639 1076 conjunc-

605 1118 756 1176 tum
800 1101 1051 1174 haberi
1115 1088 1371 1199 potest,
1434 1105 1534 1173 ita
1565 1116 1643 1174 ut
1693 1126 1938 1175 versus
1993 1129 2033 1175 e
2075 1102 2358 1176 duabus
2400 1107 2623 1177 variis

603 1227 927 1325 partibus
967 1240 1249 1298 constet
1296 1259 1309 1316 ;
1367 1253 1502 1323 quo
1544 1225 1625 1299 fit
1656 1240 1731 1300 ut
1773 1227 2114 1323 periodus
2158 1218 2469 1324 simplex
2502 1231 2622 1314 sit,

605 1377 755 1424 non
797 1350 1031 1423 solum
1086 1354 1260 1446 quia
1299 1376 1338 1422 e
1394 1350 1736 1421 membris
1777 1351 2293 1445 magnitudine
2337 1352 2631 1447 paribus

603 1458 916 1562 constat,
953 1475 1078 1547 sed
1110 1474 1327 1546 etiam
1353 1478 1551 1571 quia,
1586 1499 1750 1545 cum
1784 1473 1927 1545 duo
1971 1478 2135 1547 sint.
2187 1475 2264 1546 fit·
2295 1491 2636 1564 metrum,

605 1615 681 1673 u't
724 1604 977 1672 musici
1043 1620 1302 1671 nostrae
1350 1601 1583 1669 aetatis
1625 1598 1900 1686 dicunt,
1970 1628 2016 1671 «
2068 1598 2505 1697 quadratum
2555 1631 2618 1672 ».

609 1728 888 1821 Itaque,
974 1748 1137 1795 cum
1199 1727 1273 1793 in
1326 1727 1432 1793 eis
1473 1722 1789 1818 periodis
1853 1748 2035 1827 quas
2094 1743 2622 1823 supramemo-

610 1853 931 1921 ravimus
997 1846 1406 1944 rhythmica
1469 1846 1907 1942 simplicitas
1968 1842 2117 1918 non
2196 1874 2464 1943 magna
2510 1852 2636 1939 sit,

607 1987 984 2072 propterea
1016 1971 1213 2068 quod
1246 1995 1411 2043 cum
1440 1969 1767 2042 dimetris
1805 1969 2262 2045 dochmiacis
2306 1973 2631 2046 membra

609 2097 944 2198 quaedam
980 2099 1334 2191 permixta
1363 2106 1561 2180 sunt,
1636 2120 1797 2191 quae
1837 2121 1999 2166 cum
2045 2121 2281 2195 neque
2336 2101 2522 2169 inter
2558 2122 2642 2169 ser

611 2248 845 2320 neque
876 2246 1038 2297 cum
1065 2220 1390 2290 dimetris
1418 2219 1926 2314 magnitudine
1955 2222 2158 2314 paria
2180 2225 2326 2293 sint
2356 2220 2640 2294 orches·

609 2352 768 2420 ticae
794 2344 1141 2443 ejusmodi
1183 2343 1458 2439 periodi
1494 2343 1637 2414 dici
1700 2360 2026 2439 possunt,
2070 2348 2143 2415 in
2176 2345 2421 2418 alteris
2455 2372 2632 2418 con-

609 2485 716 2544 tra
789 2467 1215 2566 simplicitas
1276 2484 1482 2540 tanta
1547 2458 1656 2539 est
1734 2485 2012 2565 quanta
2091 2473 2167 2540 in
2229 2474 2335 2542 eis
2391 2497 2551 2569 quae
2601 2499 2646 2543 e

610 2597 935 2669 dimetris
974 2610 1098 2666 aut
1139 2619 1178 2665 e
1219 2597 1655 2665 tetrametris
1696 2592 1928 2664 solum
1966 2608 2335 2672 constant.
2392 2683 2398 2690 Ι

709 2717 1081 2816 Ejusmodi
1105 2716 1381 2813 periodi
1403 2720 1854 2812 reperiuntur
1877 2722 1950 2789 in
1990 2720 2052 2791 A
2067 2718 2403 2792 lcestidz's
2434 2722 2645 2816 (393Ψ

611 2853 785 2939 415)
828 2841 1351 2938 antistrophica
1419 2841 1700 2914 Eumeli
1746 2842 2094 2914 monodia
2142 2854 2188 2933 ¹,
2239 2847 2313 2916 in
2365 2845 2650 2917 Hercu-f

616 2968 718 3040 lis
763 2967 1100 3063 furentis
1145 2965 1515 3076 (875·921)
1616 2971 2009 3057 commatio
2077 2958 2278 3041 ebori
2342 2972 2644 3041 cantico

615 3094 809 3191 quod
871 3096 1109 3165 nuntii
1177 3094 1517 3163 trimetris
1578 3092 2155 3196 interrumpitur.
2213 3092 2524 3165 Comma
2573 3093 2643 3165 H

613 3194 664 3293 e.
694 3218 923 3290 tribus
948 3216 1274 3315 partibus
1341 3230 1656 3302 constat,
1716 3243 1874 3313 quae
1952 3217 2285 3314 singulas
2325 3221 2626 3289 trimetri

617 3356 885 3439 parteS,
949 3368 1109 3439 quae
1160 3366 1201 3410 a
1272 3343 1529 3412 nuntio
1577 3340 1933 3427 dicuntur,
1984 3367 2205 3414 unam
2247 3326 2670 3414 iambicam·

619 3468 991 3563 dipodiam
1021 3479 1090 3536 et
1126 3456 1357 3536 ⁴unum
1391 3463 1812 3537 dochmium
1879 3464 2150 3538 habent
2184 3468 2307 3563 qui
2364 3491 2409 3536 a
2461 3464 2654 3537 cho-2

618 3595 838 3666 reutis
915 3603 1297 3663 canuntur.
1348 3586 1945 3687 Quantacunque
1984 3604 2094 3662 est
2135 3594 2448 3687 varietas
2505 3588 2649 3663 ele-

682 3843 696 3871 ⁴
720 3841 846 3891 Per.
877 3839 921 3888 11
947 3839 1201 3904 (3994-97)
1233 3853 1244 3884 :
2485 3824 2516 3871 l

938 3948 946 3955 ·
980 3938 1009 3999 4
1039 3935 1216 3986 iuml).
1243 3945 1310 3996 -4-
1342 3949 1363 3984 1
1393 3934 1698 3983 dochmius
1728 3937 1777 4004 -ἦ-
1817 3937 1845 3997 4
1876 3937 2034 3986 iamb
2060 3930 2137 4007 -ᾗ-
2159 3953 2180 3987 1
2205 3937 2509 3988 dochmius

1208 4044 1542 4128 Q
2007 4048 2355 4132 &s

1322 4165 2208 4215 ,RS-“J
