3092 4942
1332 663 1402 674 ...
1439 635 1501 691 11
1549 665 1615 676 ....

452 795 744 883 potest¹,
792 811 940 884 quo
967 786 1050 871 fit
1088 799 1165 860 ut
1195 779 1560 860 nonnulla
1623 790 1814 859 inter
1870 784 2109 860 varios
2155 782 2477 856 dochmii

451 934 625 1016 usus
639 903 1133 1008 discrepantia
1156 909 1396 985 inesse
1432 910 1786 1002 videatur,
1833 935 1997 985 curn
2030 908 2211 982 nihil
2241 911 2480 1006 magis

451 1033 683 1127 dolori
773 1047 1132 1133 repugnet
1195 1059 1414 1136 quam
1503 1034 1819 1109 felicitas
1905 1053 2032 1108 aut
2111 1032 2473 1130 voluptas,

18 1124 21 1271 ξ
454 1158 709 1258 Itaque
738 1184 902 1232 earn
976 1159 1566 1259 discrepantiam,
1643 1185 1804 1258 quae
1841 1159 2073 1258 primo
2128 1157 2481 1254 adspectu

18 1274 21 1459 >
451 1288 787 1382 speciosa
824 1285 1131 1376 videtur,
1197 1285 1534 1360 nonnulli
1568 1289 1671 1392 ita
1699 1284 1952 1387 tollere
2002 1286 2252 1358 conati
2311 1295 2482 1355 sunt

449 1422 528 1483 ut
567 1409 893 1483 dicerent
920 1409 1341 1483 dochmium
1375 1414 1451 1484 in
1507 1413 1597 1482 iis
1632 1410 1810 1507 ipsis
1849 1408 2074 1501 lociS,‘
2104 1408 2179 1481 in
2208 1407 2475 1505 quibus

18 1468 25 1669 b
398 1591 406 1599 .
451 1548 670 1632 poeta
702 1534 1032 1608 laetitiam
1069 1551 1197 1609 aut
1221 1535 1671 1632 voluptatem
1704 1537 2103 1639 exprimere
2142 1530 2469 1621 voluerit,

18 1672 21 1677 ’
447 1672 738 1757 propter
763 1672 1068 1733 eventus
1093 1665 1219 1759 qui
1237 1675 1366 1734 aut
1402 1676 1623 1734 antea
1656 1658 2045 1733 inciderint
2074 1670 2201 1733 aut
2259 1644 2480 1756 paulo

230 1764 235 1769 ⁵
446 1795 614 1881 post
644 1796 1194 1881 consequantur
1230 1784 1574 1858 nonnihil
1613 1776 1921 1857 tristitiae
1994 1797 2068 1857 et
2102 1786 2478 1857 maestitiae

449 1906 787 1996 habere&
840 1907 1061 1981 Velut
1108 1913 1185 1982 in
1223 1934 1313 1982 ea
1354 1908 1691 2007 AEschyli
1731 1906 2004 1997 fabula,
2053 1933 2215 2005 quae
2244 1907 2479 1981 Choe-

447 2030 706 2133 phoroe
738 2007 1180 2122 inscribitur,
1227 2045 1618 2133 postquam
1682 2034 1982 2109 Orestes
2045 2032 2476 2131 Clytaemes-

446 2169 633 2230 tram
674 2169 983 2231 matrem
1017 2171 1090 2231 et
1118 2157 1546 2255 AEgisthum
1575 2161 1884 2240 necavit,
1933 2171 2011 2232 ut
2041 2160 2268 2254 patris
2298 2162 2479 2229 mot-

447 2296 594 2356 tem
626 2281 1114 2374 ulcisceretur,
1150 2282 1488 2357 mulieres
1535 2283 1738 2356 chori
1806 2308 2100 2357 carmen
2167 2295 2474 2368 canunt,

448 2406 648 2506 quod
690 2420 799 2480 est
864 2407 1173 2483 laetiiiae‘
1224 2406 1576 2505 plenum3
1655 2407 2008 2506 justitiam
2068 2405 2471 2492 celebrant,

446 2520 621 2632 quia
650 2545 815 2628 post
855 2531 1164 2633 longum
1196 2546 1482 2630 tempus
1524 2531 1918 2605 Priamidae
1944 2526 2176 2628 justas
2216 2508 2479 2630 poenas

447 2672 824 2755 ceperunt,
859 2681 1024 2732 cum
1052 2682 1140 2731 ea
1167 2657 1447 2754 justitia
1479 2685 1518 2727 «
1544 2656 1823 2755 duplici
1868 2661 2168 2754 impetu,
2239 2654 2471 2753 dupli-

447 2781 513 2857 ci
555 2783 789 2856 caede⁸
830 2814 868 2853 »
933 2786 1009 2854 in
1069 2783 1656 2879 Agamemnonis
1724 2781 2020 2855 domum
2085 2780 2428 2871 invaserit
2457 2815 2504 2854 :-

512 2986 626 3037 Vv.
650 2987 828 3051 9373ss
860 2966 882 3035 τΔ
899 2987 1051 3059 ἔμολε
1079 2989 1124 3040 δ’
1157 2985 1202 3049 ἐς
1233 2979 1390 3059 δ’όμοὺ
1418 2987 1503 3041 τόν
1536 2985 1907 3060 Ἀγαμέμνονος

912 3068 1114 3129 διπλοῦς
1143 3068 1294 3135 λέων,
1327 3069 1529 3130 διπλοῦς
1554 3065 1752 3138 ”Αρης.

545 3243 911 3319 Videntur
975 3271 1087 3320 eae
1146 3244 1480 3321 mulieres
1542 3245 1748 3320 laetos
1825 3245 2183 3319 clamores
2248 3243 2477 3319 effun-

398 3356 402 3363 ’
447 3368 637 3456 dere,
674 3356 1055 3469 tanquam,
1112 3395 1278 3444 curn
1337 3368 1464 3444 diu
1488 3396 1852 3470 oppressae
1888 3370 2173 3460 fuerint,
2215 3382 2478 3470 tyran-
2525 3412 2532 3417 ’

426 3495 566 3591 ,ῐιὶε
596 3493 745 3567 suis
775 3494 1071 3568 tandem
1107 3493 1428 3568 liberatae
1459 3498 1633 3569 sint.
1659 3494 1811 3569 Sed
1839 3494 1901 3572 si
1942 3499 2109 3593 quis
2148 3508 2479 3593 reputare

220 3696 227 3705 ,
443 3616 620 3690 velit
649 3644 820 3718 quae
860 3618 1148 3694 laetitiae
1188 3645 1410 3694 causa
1450 3624 1573 3711 sit,
1658 3646 1907 3694 nonne
1969 3619 2375 3694 inhorrebit
2405 3633 2480 3695 et

40 3760 59 3815 “.
164 3746 241 3807 -Γ
296 3728 303 3735 ’
445 3754 753 3817 cunctos
784 3769 910 3841 per
934 3757 1132 3817 artus
1159 3747 1478 3818 tremet?
1512 3743 1760 3832 Filius,
1830 3745 2053 3834 filius,
2115 3748 2474 3843 inquam,

481 3993 489 4000 .
510 3948 526 3976 ¹
551 3946 699 3998 Vide
723 3948 989 4009 Gevaert,
1014 3948 1122 3999 loc.
1154 3948 1254 3999 cit.

504 4037 527 4068 ¹
550 4034 699 4086 Vide
725 4037 1032 4088 Rossbach
1057 4043 1115 4088 et
1135 4037 1470 4104 Westphal,
1494 4037 1727 4091 Metrik²
1754 4053 1814 4103 p.
1844 4036 1954 4101 966.

505 4125 527 4157 ²
552 4124 752 4175 Weil·
781 4142 812 4176 α
841 4126 1059 4177 Verte:
1086 4125 1302 4192 duplex
1323 4128 1598 4193 impetuS,
1638 4127 1856 4193 duplex
1880 4128 2081 4190 caede8‚
2108 4127 2376 4192 AEgistho
2421 4132 2482 4176 et

438 4205 850 4271 Clytaemestra
879 4206 1263 4258 interfectis.»
