3092 4942
1449 495 1732 551 «66,-

580 641 865 718 duobus
914 643 1255 716 membris
1322 645 1447 738 (11,
1500 645 1634 739 ΙΙΙ)
1702 671 1850 718 non
1917 646 2175 718 eadem
2270 644 2606 735 adhibita

532 866 537 869 v
577 777 750 839 sunt
795 782 1020 839 metra
1065 800 1079 857 3
1126 783 1563 865 quapropter
1629 769 1815 842 bene
1879 767 2241 847 ordinatis
2318 758 2605 842 saltan-

575 896 757 964 tium
784 891 1105 973 motibus
1144 896 1522 988 aptissima
1543 909 1669 977 est,
1724 918 1974 990 parum
2042 892 2602 967 accommodata

575 1017 669 1090 ad
708 1016 1227 1115 exprimendos
1265 1020 1671 1090 animorum
1705 1017 2037 1095 affectus,
2227 1012 2234 1018 ’

675 1143 867 1238 Ergo
897 1156 966 1216 et
998 1167 1109 1216 eae
1148 1142 1424 1238 periodi
1471 1166 1642 1238 quae
1672 1168 1761 1214 ex
1805 1141 2202 1238 imparibus
2256 1143 2599 1216 membris

572 1278 916 1338 constant
943 1266 1242 1339 rariores
1273 1266 1649 1362 suntapud
1672 1265 2119 1362 Sophoclem
2151 1292 2371 1364 quam
2402 1267 2597 1362 apud

574 1389 1036 1488 AEschylum,
1081 1405 1151 1463 et
1182 1416 1294 1465 eae
1334 1395 1407 1463 in
1441 1390 1706 1489 quibus
1738 1389 2132 1464 miscentur
2160 1391 2307 1463 alia
2371 1415 2598 1463 mem-

571 1511 745 1603 bra,‘
771 1516 896 1587 sed
940 1515 1125 1588 adeo
1155 1531 1232 1588 ut
1271 1515 2063 1612 periodi'orchesticum
2109 1515 2437 1589 habitum
2481 1542 2608 1613 re-v

552 1641 880 1741 timeant.

667 1761 996 1836 Dimetra
1024 1778 1279 1837 contra
1317 1764 1522 1861 plura
1561 1778 1728 1838 sunt
1760 1790 1887 1862 pro
1919 1769 2249 1860 portione
2289 1768 2393 1837 ·in
2456 1764 2591 1838 So·

566 1883 850 1984 phoclis
878 1913 1097 1985 quam
1133 1893 1207 1960 in
1239 1887 1574 1986 AEschyli
1600 1886 2007 1985 tragoediis.
2092 1891 2588 1985 Reperiuntur

564 2015 760 2083 enim
802 2014 877 2083 in
908 2011 1171 2111 Ajacz's
1209 1999 1525 2108 448-427
1570 2013 1868 2108 stropha
1910 2013 1996 2101 A,
2047 2013 2342 2109 stropha
2385 2013 2466 2102 B,
2509 2018 2587 2086 in

562 2134 953 2234 Antigonae
1001 2138 1403 2233 1261-1347
1448 2136 1744 2233 stropha
1782 2138 1842 2208 A
1872 2138 1960 2221 11,
2036 2136 2333 2233 stropha
2408 2137 2467 2209 Β
2527 2139 2580 2225 Ι,

568 2259 1017 2355 imprimisin
1058 2260 1380 2358 ejusdem
1413 2260 1735 2357 strophae
1775 2260 2034 2333 ultima
2057 2260 2379 2357 periodo,
2427 2288 2588 2358 quae

560 2409 600 2456 e
641 2384 1026 2458 duodecim
1071 2386 1429 2458 dochmiis
1458 2398 1750 2458 constat
1823 2390 1948 2483 qui
2010 2385 2160 2458 bini
2240 2386 2585 2458 ordinan-

561 2521 698 2598 tur,
747 2513 821 2582 in
852 2512 928 2582 E
934 2510 1171 2582 lectrae
1211 2509 1631 2604 1232-1286
1680 2511 1736 2596 I,
1780 2534 2000 2606 quam
2066 2508 2587 2583 Schneidewin

560 2638 663 2708 ita
702 2634 967 2706 dividit
996 2670 1008 2707 ε
1792 2643 1798 2648 ’

657 2797 698 2825 o
727 2798 896 2825 -o-
931 2773 1000 2834 —†-
1087 2783 1108 2830 1
1180 2758 1565 2838 dimetrum
1599 2756 2111 2830 dochmiacum
2155 2781 2317 2829 curn
2356 2756 2577 2829 doch··

559 2887 704 2958 mio
743 2883 1075 2982 epodiCO.

657 3059 994 3135 Schmidt
1035 3076 1276 3133 autem
1305 3094 1316 3132 :

649 3242 785 3269 υι-ι
815 3242 854 3268 υ
882 3252 929 3259 -
958 3213 1031 3290 -Ι-
1074 3234 1095 3282 1
1139 3213 1519 3284 dimetrum
1555 3209 2064 3285 dochmiacum
2123 3233 2289 3284 cum
2357 3207 2578 3280 doch-

553 3341 702 3410 mio
741 3336 1075 3435 epodico.
1489 3319 1496 3325 ⁸

651 3490 935 3561 Primus
975 3499 1217 3561 autem
1251 3510 1404 3585 peS,
1438 3467 1875 3584 quocunque
1909 3482 2128 3557 modo
2167 3483 2568 3573 scanditur,

547 3629 750 3689 extra
789 3625 1094 3686 metrum
1129 3611 1483 3683 habeatur
1511 3625 1814 3707 oportet,
1872 3634 2007 3681 nec
2074 3609 2165 3681 ad
2236 3607 2575 3682 ultimum

545 3740 963 3813 dochmium
987 3735 1421 3834 respondere
1448 3749 1713 3833 potest.
1754 3736 2010 3831 Itaque
2040 3732 2151 3806 vel
2178 3732 2234 3805 si
2262 3731 2578 3818 Schnei÷

543 3866 782 3939 dewin
824 3862 1213 3936 iambicam
1246 3860 1618 3958 dipodiam
1684 3859 2106 3932 dochmium
2184 3855 2558 3944 habemuS,

470 3964 487 3975 ’
541 3980 822 4062 νῖἀεωῑ
851 3990 1087 4083 magis
1126 4000 1702 4058 consentaneum
1760 4008 1919 4057 esse
1967 4007 2133 4065 ,eam
2192 3979 2572 4079 periodum

542 4111 680 4185 hoc
722 4113 939 4185 modo
981 4110 1308 4183 dividere
1347 4136 1359 4173 :
