3092 4942
1510 650 1576 659 -.
1616 603 1688 677 12'
1726 649 1790 660 ...

643 782 950 843 matrem
982 769 1616 857 suaminterfecit,'
1671 786 1770 858 et,
1814 796 2243 870 quanquam
2313 770 2387 843 id
2428 752 2669 845 scelus

638 894 907 992 justum
984 894 1260 969 Graecis
1328 894 1737 985 videbatur,
1822 908 2205 995 propterea
2243 893 2442 994 q'uod
2513 900 2670 993 ipse

643 1018 910 1116 Apollo
949 1020 1193 1095 Oresti
1218 1025 1694 1118 imperaverat
1734 1035 1810 1094 ut
1843 1033 2146 1094 matrem
2191 1020 2657 1108 interficeret,

641 1156 888 1219 tamen
922 1145 991 1216 in
1044 1170 1132 1218 eo
1169 1125 1451 1243 aliquid
1508 1157 1618 1219 est
1679 1145 1866 1219 adeo
1935 1145 2369 1220 horrendum
2439 1160 2519 1220 ut
2552 1148 2557 1152 ’
2593 1171 2671 1219 a·-

644 1271 824 1341 nimi
874 1272 1397 1366 spectantium,
1494 1269 1606 1342 vel
1673 1268 1846 1343 dum
1916 1271 2281 1345 choreutae
2349 1284 2663 1357 canunt,

643 1392 913 1490 majore
951 1391 1356 1469 afficiantur
1395 1377 1646 1467 dolore
1677 1419 1900 1493 quam
1941 1393 2229 1469 laetitia.
2271 1394 2674 1470 Nonnullae

643 1515 805 1597 aliae
836 1532 1005 1591 sunt
1043 1517 1155 1590 vel
1195 1517 1706 1593 choreutarum
1760 1518 1872 1592 vel
1920 1544 2392 1616 personarum
2437 1523 2668 1592 canti-

647 1636 864 1731 lenae,
914 1646 990 1714 in
1023 1642 1291 1741 quibus
1358 1642 1622 1717 laetitia
1675 1657 1800 1717 aut
1859 1642 2172 1729 felicitas
2228 1643 2661 1733 celebratur,

643 1792 1072 1866 quanquam
1111 1767 1322 1841 dolor
1360 1771 1600 1865 magis
1627 1793 1854 1865 quam
1893 1767 2229 1867 voluptas
2249 1780 2673 1866 spectantes

642 1892 1090 1989 perstringit.
1146 1894 1245 1966 Ut
1312 1896 1507 1966 enim
1551 1914 1780 1968 unum
1818 1891 2231 1992 exemplum
2282 1892 2668 1992 proferam,

642 2016 863 2089 verba
884 2043 1045 2114 quae
1081 2018 1376 2116 Jocaste
1419 2016 1493 2090 in
1537 2004 1907 2114 Euripidis
1957 2017 2367 2095 Phoenissis
2414 2027 2430 2058 ¹
2469 2021 2674 2091 canit

643 2163 928 2223 summa
965 2140 1214 2215 laetitia
1253 2141 1616 2216 renident.
1665 2142 1799 2216 Illa
1839 2146 2040 2215 enim
2097 2142 2327 2217 filium
2391 2145 2667 2233 revisit,

643 2278 1039 2363 postquam
1080 2266 1207 2340 diu
1237 2266 1416 2341 afuit
1467 2303 1479 2340 :
1883 2280 1889 2285 '

827 2471 1000 2544 χρόνῳ
1032 2471 1120 2525 σὸν
1151 2471 1290 2544 ὄμμα
1321 2476 1515 2544 μυρίαις
1547 2472 1595 2526 ἐν
1617 2473 1818 2543 ἁμέραις

822 2572 1104 2640 προσεῖδον.

646 2768 716 2828 et
749 2770 1012 2852 praeter
1040 2783 1243 2854 spem
1297 2793 1310 2831 :

789 2959 851 3015 ἷὼ
880 2960 963 3029 ἰώ,
995 2961 1138 3033 μόλις
1167 2961 1329 3033 φανεὶς

790 3058 974 3111 ἄελπτα
993 3056 1240 3133 κᾶδᾴκητα
1267 3057 1451 3129 ματρὸς
1483 3057 1718 3119 ὠλέναις.

748 3245 987 3343 Mater
1009 3274 1238 3344 amori
1268 3269 1663 3370 indulgens
1692 3270 1918 3345 filium
1963 3270 2425 3368 amplectitur
2483 3283 2555 3344 et
2586 3297 2680 3346 eo

586 3402 595 3410 “
644 3392 902 3469 'fruitur
939 3429 964 3484 ,·
1019 3395 1146 3468 sed
1176 3420 1606 3494 quanquam
1675 3394 1935 3470 laetitia
1976 3421 2064 3468 ex
2131 3395 2478 3469 omnibus
2518 3394 2678 3493 ejus

647 3518 910 3608 verbiS,
958 3534 1039 3594 ut
1075 3525 1179 3592 ita
1217 3519 1486 3608 dicam,
1565 3520 1953 3619 manifesta
2007 3532 2141 3608 est,
2186 3532 2688 3609 tamenscum-

648 3648 1006 3742 recogitat
1036 3671 1113 3719 se
1153 3637 1434 3718 tamdiu
1497 3649 1646 3719 cari
1686 3644 1814 3718 filii
1868 3646 2270 3743 conspectu
2345 3644 2676 3718 orbatam

648 3768 1112 3859 {uisse,dolor
1149 3770 1302 3867 ejus
1343 3771 1573 3869 major
1598 3785 1708 3845 est
1732 3782 1952 3870 quam
1994 3769 2275 3860 laetitia,
2315 3784 2388 3844 et
2421 3768 2680 3842 infelix

652 3919 740 3966 ea
780 3907 1008 3967 mater
1045 3899 1272 3968 teneri
1297 3921 1446 3968 non
1471 3909 1708 3993 potest
1739 3899 2205 3994 quinanimo
2234 3894 2478 3969 volvat
2498 3907 2684 3992 quot

652 4030 724 4090 et
751 4022 1046 4117 quantis
1087 4019 1299 4093 malis
1328 4019 1524 4094 filius
1561 4018 1864 4095 affectus
1933 4023 2047 4109 sit,
2113 4032 2186 4093 et
2224 4034 2682 4120 quaecunque

629 4280 633 4284 ’
715 4285 731 4314 ¹
756 4283 981 4347 305-306,
1008 4284 1239 4339 310-311.
