3092 4942
1236 602 1624 661 ...ξι-ἶ...-

565 758 908 829 Dochmii
943 757 1232 831 resoluti
1280 784 1425 830 non
1460 783 1625 830 cum
1670 762 1944 830 iteratis
1975 758 2212 830 verbis
2245 757 2486 831 solum

458 896 905 978 congruunt,
949 882 1073 955 sed
1104 886 1350 968 etiam,
1384 895 1461 955 ut
1483 882 2067 978 supradiximuS,
2119 908 2280 955 cum
2307 882 2487 955 serie

464 1004 843 1079 verborum
875 1008 1246 1094 similium,
1291 1006 1360 1078 id
1391 1023 1497 1079 est
1518 1008 1852 1078 similiter
1882 1012 2478 1107 consonantium,

460 1155 992 1229 nonnunquam
1034 1134 1279 1218 etiam,
1330 1156 1752 1229 quanquam
1787 1158 1964 1204 sane
2005 1136 2252 1215 rariuS,
2320 1159 2484 1205 cum
2543 1202 2550 1208 .

471 1256 711 1327 verbis
741 1257 1118 1352 quaeidem
1159 1255 1404 1329 vale‘nt
1444 1271 1571 1329 aut
1600 1251 1923 1352 ejusdcm
1960 1257 2157 1329 basis
2197 1275 2368 1330 sunt
2407 1269 2420 1297 ¹
2469 1291 2481 1347 3

372 1380 377 1385 ’
467 1406 556 1453 ex
584 1405 729 1477 quo
767 1394 1067 1478 apparet
1113 1385 1466 1454 musicam
1511 1381 1657 1474 jam
1693 1381 1787 1452 ab
1844 1383 2209 1477 Euripidis
2267 1397 2488 1476 aetate
2589 1466 2608 1485 ⁷.

467 1510 665 1601 poesi
698 1504 918 1605 longe
956 1507 1373 1602 praestitisse
1409 1516 1426 1545 ²
1451 1564 1466 1579 .
1521 1505 1808 1583 Musica
1846 1510 2040 1577 enim
2088 1521 2379 1612 poetam
2416 1511 2502 1576 in·

466 1629 830 1726 eligendis
867 1629 1104 1702 verbis
1143 1629 1451 1725 impellit
1490 1634 1734 1725 potius
1810 1655 2036 1725 quam
2074 1630 2293 1728 verba
2334 1656 2494 1701 cer-

468 1770 618 1828 tum
679 1754 1115 1828 moduiandi
1187 1754 1484 1827 modum
1555 1755 1953 1851 postulant.
2003 1755 2196 1828 Nolo
2245 1771 2494 1826 tamen

466 1880 909 1953 contendere
949 1894 1265 1976 poetam,
1302 1883 1378 1950 in
1410 1882 1723 1952 scenicis
1765 1879 2025 1951 saltem
2060 1879 2479 1965 cantileniS,
2558 1915 2567 1920 ·
2604 1909 2609 1916 ·

469 2005 723 2076 modos
759 2004 1016 2079 fecisse
1069 2007 1273 2119 prius
1335 2026 1559 2100 quam
1600 1987 2260 2090 versus'scriberen
2296 2005 2492 2099 quod
2531 1988 2536 1991 ⁸

469 2143 660 2201 certe
699 2133 971 2203 scimus
1011 2129 1232 2224 longe
1276 2128 1490 2200 aliter
1528 2127 1748 2199 fuisse
1777 2138 1822 2213 ²¹,
1873 2128 1999 2200 sed
2059 2124 2247 2215 eu'm,
2298 2127 2494 2225 quod

466 2230 858 2326 verisimile
913 2268 1041 2338 est,
1092 2253 1263 2326 dum
1295 2276 1542 2325 versus
1604 2253 1950 2338 scriberet
2025 2252 2180 2346 ejus
2235 2267 2496 2324 cantus
2561 2333 2570 2342 ,

470 2403 686 2476 quem
754 2378 1104 2451 dramatis
1161 2401 1489 2473 personae
1555 2376 1870 2460 tribuere
1911 2377 2150 2465 vellet,
2217 2377 2492 2472 cogita-

464 2502 660 2575 visse
726 2503 1151 2600 plerumque
1214 2505 1448 2598 magis
1516 2527 1664 2599 quo
1741 2494 1979 2573 modo
2033 2501 2494 2572 audientium

471 2653 679 2701 aures
733 2605 1235 2698 modulatione
1275 2625 1599 2698 afficeret
1625 2651 1860 2724 ,quam
1904 2627 2200 2722 quibus
2195 2625 2496 2713 affecti—

468 2752 604 2824 bus
629 2755 917 2824 animos
947 2765 1453 2837 commoveret,
1503 2751 1667 2822 etin
1689 2756 1939 2823 animo
1977 2750 2124 2846 jam
2151 2750 2497 2822 habuisse

473 2879 789 2949 musicas
828 2875 1166 2971 periodos
1205 2888 1275 2947 et
1318 2870 1859 2948 modulationes
1901 2876 2166 2973 quibus
2207 2891 2496 2947 senten-

470 3005 612 3074 tias
643 3006 853 3097 quasi
890 3001 1250 3073 indueret.

483 3202 501 3224 ι,
566 3126 904 3199 Vidimus
963 3125 1110 3221 jam
1165 3123 1357 3220 apud
1409 3124 1847 3222 AEschylum
1900 3140 1970 3198 et
2048 3124 2495 3221 Sophoclem

460 3250 853 3324 dochmios
893 3249 1250 3323 resolutos
1289 3274 1454 3323 cum
1487 3254 1671 3323 serie
1726 3246 2103 3323 verborum
2147 3248 2493 3321 similium

394 3378 395 3381 ’
471 3401 1014 3503 nonnunquam
1055 3373 1489 3471 conjunctos
1547 3399 1741 3463 esse;
1805 3373 1933 3444 sed
1975 3399 2060 3445 ea
2128 3371 2500 3445 scribendi

534 3596 786 3646 'videm
822 3597 895 3646 H.
929 3595 1206 3655 Schmidt,
1230 3594 1335 3645 loc
1367 3596 1463 3645 cit.

532 3680 550 3710 ²
578 3660 661 3726 D‘e
686 3677 906 3726 musica
954 3676 1121 3740 poesi
1148 3681 1484 3741 praestante.
1519 3676 1651 3724 vide
1671 3674 1742 3724 V
1727 3680 1920 3724 meent
1948 3674 2020 3722 ad
2047 3674 2377 3737 Rossignol,
2410 3690 2506 3739 pp·

468 3760 499 3819 4
544 3772 664 3822 seq,
683 3762 751 3806 et
781 3756 839 3805 id
869 3756 1018 3820 quod
1061 3755 1383 3805 Athenaeus
1431 3756 1500 3805 de
1553 3756 1787 3805 Homeri
1849 3754 2203 3807 carminibus
2231 3754 2492 3819 scripsit

470 3852 600 3904 quoe
641 3843 708 3886 ut
753 3841 1098 3905 effluet-entur
1140 3841 1308 3884 erant
1334 3831 1590 3900 scripta,
1623 3836 1762 3885 Sum
1802 3834 2192 3897 X1nophanis,
2236 3829 2511 3911 colonis:

470 3916 798 3985 Thespidis,
829 3915 1082 3964 aliorum
1110 3929 1319 3964 versus
1344 3916 1550 3981 scripti
1580 3922 1775 3965 essent
1819 3919 1883 3963 ut
1917 3913 2315 3963 recitarentur.
2344 3914 2508 3977 (Ath.

468 4011 591 4056 x1V,
617 4011 674 4060 p.
700 3995 811 4055 632,
844 3995 940 4057 6.).

530 4075 831 4136 ³Gevaert,
847 4075 926 4124 La
957 4075 1206 4140 ηιὲῑορρθ
1236 4076 1471 4141 antique
1502 4077 1646 4125 dans
1678 4076 1728 4123 le
1749 4076 1920 4124 chan!
1949 4076 2015 4123 de
2048 4074 2128 4122 ll
2119 4074 2285 4141 glise
2311 4073 2506 4133 latine,

194 4190 207 4203 .
266 4142 309 4207 ,⁸
370 4146 379 4155 '⁵
440 4156 820 4220 ‘Appendieffl
