3092 4942
887 999 1009 1062 De
1056 997 1529 1078 rhythmica
1560 972 2105 1093 'simplicitate

567 1475 889 1548 Breviter
960 1472 1394 1570 colligamus
1460 1474 1839 1574 quomodo
1894 1472 2332 1544 dochmiaca
2372 1490 2492 1562 pe·

465 1601 714 1673 riodus
754 1601 1217 1695 apostremis
1289 1604 1473 1673 sexti
1539 1597 1782 1672 saeculi
1868 1601 2084 1669 annis
2118 1619 2350 1692 usque
2404 1590 2509 1661 ad’
2556 1606 2559 1611 ’

467 1722 834 1822 Euripidis
855 1735 1142 1796 aetatem
1168 1723 1522 1818 paulatim
1566 1736 1846 1797 mutata
1872 1727 1991 1795 sit.
2025 1722 2473 1816 Quanquam

470 1854 544 1922 in
588 1851 679 1921 iis
716 1846 981 1921 fabulis
1014 1873 1175 1945 quae
1214 1846 1309 1921 ad
1363 1873 1498 1920 nos
1539 1860 2024 1945 pervenerunt
2086 1844 2482 1918 trimetrum

470 1987 539 2046 et
569 1985 1103 2071 pentametrum
1144 1971 1549 2045 membrum
1591 1976 1819 2046 rarius
1885 1987 2054 2046 sunt
2126 1962 2482 2055 adhibita,

469 2112 716 2172 tamen
756 2095 931 2169 satis
970 2096 1199 2170 multa
1223 2094 1415 2193 apud
1448 2097 1885 2196 AEschylum
1909 2113 1978 2171 et
2019 2095 2212 2193 apud
2255 2099 2493 2192 ipsum

472 2223 917 2322 Sophoclem
947 2223 1439 2315 inveniuntur,
1486 2229 1931 2321 paucissima
1993 2237 2232 2297 autem
2303 2221 2502 2319 apud

469 2348 925 2447 Euripidem·
950 2352 1008 2421 si
1087 2353 1514 2446 respicimus
1579 2376 1714 2423 nos
1769 2350 2276 2448 septendecim
2345 2347 2499 2446 ejus

452 2473 756 2547 ,fabulas
825 2473 1121 2563 habere,
1183 2489 1255 2548 et
1310 2476 1503 2571 apud
1569 2502 1736 2548 eum
1812 2473 2217 2553 dochmios
2266 2473 2540 2589 multo-

470 2600 711 2697 plures
747 2624 905 2672 esse
946 2602 1167 2696 quam
1208 2600 1403 2699 apud
1441 2599 1880 2697 AEschylum
1952 2613 2076 2671 aut
2108 2597 2301 2695 apud
2344 2597 2493 2671 So-

469 2723 839 2821 phoclem.
895 2724 1304 2798 Dimetrum
1346 2716 1595 2797 autem
1678 2737 1749 2799 et
1803 2735 2302 2797 tetrametrum
2360 2748 2502 2803 sae-

470 2853 634 2947 pius
673 2874 759 2921 ac
790 2852 1055 2946 saepius
1094 2848 1429 2941 adhibita
1468 2863 1663 2938 sunt,
1754 2851 1942 2922 adeo
1974 2861 2051 2922 ut
2093 2847 2228 2922 sub
2261 2847 2494 2944 finem

476 2974 843 3071 Euripidis
889 2977 1054 3047 vitae
1102 2973 1429 3046 membra
1487 2974 2004 3072 magnitudine
2063 2976 2268 3070 paria
2316 2998 2508 3045 sem-

474 3122 601 3195 per
670 3097 814 3171 fere
883 3082 1389 3171 inveniantur..
1493 3099 1809 3197 Imparia
1877 3110 2119 3171 autem
2177 3096 2503 3170 membra

477 3226 721 3296 minus
754 3248 838 3295 ac
880 3227 1123 3295 minus
1154 3248 1344 3321 saepe
1374 3222 1709 3296 adhibita
1740 3237 2095 3321 sunt,quo
2122 3221 2501 3321 rhythmus
2569 3218 2580 3229 ’

476 3347 551 3420 in
627 3348 957 3447 quolibet
1022 3362 1272 3441 cantu,
1318 3352 1470 3423 sive
1519 3349 1898 3423 trochaico
1955 3354 2104 3423 sive
2182 3348 2514 3421 iambico

479 3473 882 3570 simplicior
948 3472 1356 3547 factus'est.

579 3600 660 3671 In
699 3603 806 3672 eis
844 3602 1043 3671 enim
1081 3599 1349 3672 fabulis
1388 3626 1574 3699 quas
1607 3601 1989 3698 Euripides
2039 3604 2231 3672 ‘inter
2260 3625 2500 3672 annos

478 3745 622 3817 430
690 3724 1214 3827 (Andromache
1264 3732 1630 3822 430-424)
1711 3740 1782 3799 et
1853 3743 2006 3821 415,
2064 3722 2506 3819 composuit,

480 3847 957 3945 simpliciores
991 3866 1159 3922 sunt
1200 3849 1315 3922 vel
1342 3849 1851 3923 choreutarum
1912 3854 2202 3925 cantica
2252 3882 2265 3940 3
2336 3847 2500 3945 ple-

481 3952 722 4071 raeque
782 3974 996 4071 epodi
1057 3999 1217 4071 quae
1249 3978 1324 4046 in
1379 3978 1469 4048 iis
1512 3974 1898 4072 tragoediis
1966 3978 2419 4072 reperiuntur
2458 3999 2499 4046 e

420 4106 425 4111 ’
481 4097 798 4195 periodis
829 4111 1172 4172 constant
1211 4123 1515 4197 quarum
1547 4103 1798 4173 omnia
1829 4099 1973 4173 fere
2004 4099 2329 4174 membra
2368 4122 2507 4195 pa-

2791 6 2804 9 „
2865 6 3090 67 Ψ,
